4722 6076
1227 525 1410 618 (28)

553 675 713 752 lubenter
741 672 938 760 crederem,
965 687 1100 746 sextum
1126 687 1262 744 stamen
1289 653 1596 774 abortu'perlisse,
1622 673 1716 775 qnod
1741 701 1825 750 vero
1847 678 2065 784 obserendu-

553 803 656 876 nibus
693 797 919 873 exactissimis
955 793 1191 893 reiteratisque
1233 799 1438 868 confirmare
1474 797 1560 870 mibi
1600 824 1671 871 non
1699 801 1858 899 contigit.
1897 803 2064 879 Staminis

553 923 746 1000 deficientis
780 919 1016 994 rudimentum
1053 935 1110 993 aut
1147 914 1318 992 iudicium
1356 919 1454 1006 loco,
1505 945 1575 1019 quo
1610 918 1846 1013 desideratur,
1885 950 2063 1025 nunqnam

554 1050 677 1151 reperi.
722 1035 728 1044 ⁸
1138 1139 1141 1146 Ι

598 1174 653 1248 Cl.
682 1167 819 1244 Aubcrt
853 1167 901 1238 du
932 1163 1219 1236 Petr‘t-Tlrouars
1244 1163 1301 1256 (ι)
1335 1166 1633 1242 observationibus
1651 1168 1696 1241 de
1713 1169 1899 1243 staminum
1916 1195 2061 1246 numero

550 1299 588 1372 in
614 1293 825 1395 Polygouis,
852 1313 953 1391 quas,
978 1313 1060 1360 cum
1078 1287 1165 1360 meis
1183 1288 1330 1360 omnino
1346 1289 1503 1390 analogae
1520 1290 1608 1380 sint,
1633 1311 1895 1388 praetereamus,
1920 1295 2060 1369 conclu-

550 1422 686 1495 sionem
720 1414 879 1502 aduenit,
920 1439 987 1510 qua
1013 1410 1108 1483 istius
1146 1410 1385 1486 variabilitatis
1424 1436 1561 1486 causam
1600 1412 1778 1511 explicare
1814 1435 1958 1488 conatus
1995 1437 2059 1492 est.

546 1541 746 1619 ‘Staminum
784 1561 985 1622 numerum,
1024 1531 1222 1616 contendit,
1264 1557 1402 1631 semper
1428 1533 1561 1608 laciniis
1591 1536 1759 1634 calycinis
1786 1538 1955 1635 aequalem
1985 1564 2059 1615 esse

548 1661 774 1765 superaddito
798 1659 967 1758 stylorum
990 1656 1236 1757 stigmatumve
1262 1680 1429 1743 numer03
1455 1656 1595 1757 quode
1620 1659 1795 1738 schemate
1812 1681 1980 1774 sequente
1999 1664 2057 1767 (a)

550 1789 674 1872 clarius
698 1783 843 1887 patebit.

597 2007 737 2108 Calycis
753 2007 893 2082 leciuiae'
906 2009 940 2082 3.

597 2134 689 2235 3155
691 2183 884 2208 ······
904 2159 940 2206 2·
969 2014 988 2224 l
1015 2070 1170 2150 Stamina
1187 2074 1223 2156 5.
1242 2073 1282 2147 Ρ.
1298 2074 1537 2182 Hydropiper.

439 2279 445 2302 .
596 2314 737 2416 Calycis
751 2313 882 2390 lacin..

595 2439 700 2544 styli·
727 2492 738 2515 ⁶
762 2491 773 2516 .
798 2483 846 2512 Η
872 2365 935 2516 A:
962 2324 980 2535 l
1010 2377 1166 2456 Stamina
1183 2378 1218 2456 6.
1237 2382 1278 2454 Ρ.
1296 2380 1500 2459 mimda,

593 2622 735 2724 Calycis
752 2619 880 2698 lacin..
900 2621 934 2694 5.

594 2746 699 2848 styli,
723 2791 882 2820 .....
897 2769 933 2818 2.
962 2631 982 2842 ἃ
1009 2683 1165 2768 Stamina
1185 2713 1219 2786 7·
1237 2687 1279 2772 P·
1295 2687 1489 2766 Orientale.

537 3023 541 3030 .
591 2947 732 3048 Calycis
748 2943 851 3021 lacin.
869 3000 879 3017 .
898 2946 932 3022 5.
1588 2881 1769 2960 aniculare.
1868 2934 1871 2945 ,

590 3073 697 3176 Styli.
720 3121 876 3148 .....
896 3069 932 3156 3,

960 2955 980 3169 }
1008 3009 1165 3088 Stamina
1185 3013 1221 3089 8.
1241 3009 1524 3114 Polygonum...
1587 3006 1821 3084 dumetorum.
2027 3095 2030 3100 ,

1587 3133 1905 3233 Fagopytttmretc.
2097 3247 2102 3254 ι

589 3365 640 3444 Et
660 3392 698 3442 re
722 3389 804 3443 vera
826 3364 1045 3466 sagacissima
1072 3364 1147 3441 baec
1166 3364 1301 3442 theoria
1318 3364 1419 3444 valde
1437 3364 1627 3468 plausibilis
1644 3365 1757 3456 foret,
1782 3368 1851 3445 nisi
1868 3369 2051 3472 exceptio-

537 3492 662 3583 nibus,
688 3515 772 3592 quas
797 3488 1022 3590 suppeditant
1049 3491 1087 3563 Ρ.
1114 3489 1360 3592 Virgiuianum
1387 3509 1422 3564 et
1444 3490 1578 3590 species
1601 3491 1739 3590 plures,
1776 3517 1923 3596 quarum
1949 3495 2050 3594 calyx

539 3641 622 3690 mox
650 3621 695 3705 4-
723 3639 804 3688 mox
832 3616 875 3689 5-
901 3611 1008 3701 udus,
1039 3611 1252 3688 debilitetur.

590 3737 652 3812 Nil
670 3757 785 3814 autem
810 3736 921 3812 babeo
932 3789 944 3827 ,
969 3731 1066 3834 quod
1082 3736 1242 3836 opinioni
1261 3735 1480 3810 illustrissimi
1500 3735 1555 3810 De
1572 3735 1745 3812 Candollc
1770 3735 1961 3837 objiciam,
1988 3731 2050 3838 qui

540 3862 728 3939 staminum
758 3884 940 3934 nnmerum
965 3857 1098 3935 laciniis
1130 3858 1297 3959 calycinis
1338 3859 1498 3959 duplum,
1535 3858 1598 3934 sed
1629 3861 1823 3962 (quodtin
1857 3859 2049 3960 Polygonis

539 3985 613 4060 lere
629 4010 766 4085 semper
782 3983 937 4077 accidit)
956 3982 1079 4058 abortu
1095 3981 1281 4058 staminum
1300 3982 1521 4084 quorundam
1537 3982 1640 4057 seriei
1653 3985 1803 4058 internae
1823 3985 1901 4080 (sc.
1914 4008 2048 4074 eorum,

540 4133 618 4208 quae
635 4108 768 4186 laciniis
784 4105 946 4206 opposita
971 4129 1046 4180 esse
1072 4105 1274 4202 deberent)
1300 4105 1515 4180 defectivum
1533 4131 1626 4205 saepe
1648 4127 1684 4180 et
1700 4107 1951 4206 incompletum
1970 4131 2047 4186 esse

540 4230 671 4306 statuit.
692 4231 845 4304 Unicum
870 4227 1068 4330 exemplum
1089 4227 1178 4302 mihi
1203 4249 1327 4304 notum
1354 4230 1489 4303 numeri
1517 4231 1703 4304 staminum
1726 4230 1910 4330 completi,
1932 4227 2047 4330 Poly·

534 4379 669 4456 ganum
692 4379 818 4453 nempe
844 4354 1106 4444 incommutata,
1130 4351 1167 4425 in
1185 4377 1256 4452 quo
1273 4353 1403 4453 calpcis
1419 4352 1558 4430 laciniae
1583 4352 1675 4448 (etsi
1691 4378 1764 4428 non
1779 4355 1945 4453 semper)
1963 4377 2046 4450 qua·

583 4653 632 4733 (r)
653 4654 688 4714 ln
706 4653 807 4716 Noun.
822 4647 949 4711 Bullatin
966 4645 1017 4708 des
1032 4645 1082 4708 Sc.
1107 4667 1160 4730 par
1177 4647 1205 4709 lr
1224 4647 1292 4712 Soc.
1311 4647 1606 4736 philom.'1'om.11‚
1624 4665 1658 4732 p.
1673 4643 1746 4712 585.

582 4763 632 4842 (a)
655 4759 734 4822 Aub:
752 4759 792 4824 du
809 4757 1059 4838 Petit-Thoante,
1076 4757 1097 4820 l.
1116 4779 1144 4824 c.
1162 4779 1195 4843 p.
1210 4761 1283 4827 586.
