4722 6076
1012 577 1197 694 (aa)

350 729 553 834 interruptae
582 751 661 808 suut
700 729 836 830 (spicae
863 729 1095 830 intermptae).
1108 729 1282 832 -Spicae
1312 727 1430 816 Iano,
1458 729 1655 829 elongatae,
1685 741 1871 803 attenuato

300 911 314 940 .
352 873 491 945 tenues,
520 859 674 932 labentes
703 853 944 952 etfilisormes
962 853 1199 955 appellantur,
1217 853 1246 928 si
1264 877 1342 956 pars
1359 851 1469 952 major
1485 853 1541 927 rel
1559 851 1675 928 minor
1691 878 1795 930 areos
1813 853 1871 930 rel

352 1007 491 1084 quoque
518 980 714 1058 internodia
745 979 874 1056 floralia
904 977 1037 1078 integra
1078 978 1169 1055 inter
1194 979 1296 1054 llores
1318 977 1430 1052 rideri
1455 997 1622 1079 possunt,
1641 981 1697 1070 (r.
1715 1003 1750 1080 g.
1770 977 1806 1052 in
1824 980 1867 1052 P.

352 1107 473 1182 stricto
484 1104 573 1194 All,
590 1104 839 1205 Hydropipere
849 1158 860 1196 ,
871 1105 965 1200 etc.)
981 1131 991 1190 ;
1018 1102 1174 1202 virgatas
1187 1099 1336 1175 dicimus
1353 1100 1481 1200 spicas,
1504 1101 1535 1174 si
1551 1102 1634 1176 ‘aris
1656 1099 1794 1198 (caulis
1811 1123 1874 1176 seu
1961 1089 1967 1100 ’

351 1229 569 1332 pedunculus
585 1227 806 1324 communis)
826 1229 917 1302 inter
932 1228 1034 1303 llores
1049 1225 1256 1327 conspicuus
1268 1224 1400 1302 validus
1414 1244 1450 1300 et
1471 1226 1609 1300 strictus
1628 1244 1690 1310 cst,
1704 1230 1720 1322 (
1733 1252 1766 1302 r.
1785 1250 1820 1328 g.
1831 1227 1876 1300 P.

357 1353 622 1454 Virginianum,
646 1352 744 1447 etc.)

404 1477 512 1581 Spica
529 1503 604 1553 esse
623 1496 740 1578 potest
756 1477 936 1580 elongata,
962 1478 1051 1570 laxa,
1068 1495 1105 1551 et
1123 1495 1239 1553 tamen
1253 1472 1466 1568 multesima,
1486 1495 1570 1550 tunc
1587 1477 1774 1570 nimirum,
1794 1505 1876 1554 cum

354 1602 441 1678 nodi
458 1602 614 1705 llorigeri
632 1601 745 1703 longis
770 1599 978 1676 internodiis
1004 1600 1152 1702 separati
1169 1618 1250 1676 suut
1267 1618 1303 1674 et
1321 1625 1340 1674 e
1359 1600 1480 1700 quavis
1497 1599 1636 1676 bractea
1655 1603 1757 1678 liores
1775 1605 1873 1682 3-8

356 1727 570 1804 emittuntur.
590 1728 671 1801 Hoc
690 1705 852 1828 exemplo
878 1728 917 1800 Ρ.
938 1724 1092 1802 Tatarici
1115 1743 1149 1800 et
1165 1723 1343 1824 praecipue
1365 1723 1577 1799 Convolruli
1601 1744 1637 1802 et
1655 1726 1879 1804 dumetorum

355 1871 521 1942 testatur,
547 1851 672 1952 quibus
706 1849 811 1925 flores
846 1849 999 1950 cujusvis
1025 1847 1112 1923 nodi
1142 1848 1189 1923 ita
1220 1849 1313 1923 circa
1345 1848 1480 1924 caulem
1507 1849 1668 1951 dispositi
1703 1871 1810 1942 sunt,
1840 1871 1879 1927 ut

355 1973 565 2052 verticillum
585 1974 808 2050 mentiantur.
825 1973 1045 2049 verticillum
1062 1992 1179 2046 autem
1196 1997 1410 2073 componere
1428 1972 1520 2050 haud
1537 1995 1698 2074 possunt,
1725 2001 1806 2050 cum
1830 2001 1874 2050 ex

355 2100 458 2175 unica
475 2100 615 2176 bractea
633 2099 790 2196 (axilla)
809 2098 1017 2198 proveniant
1034 2115 1070 2170 et
1087 2097 1189 2171 flores
1208 2097 1439 2195 (obsecrante
1460 2097 1530 2196 jam
1553 2100 1599 2173 cl.
1624 2095 1746 2197 Lind)
1766 2099 1874 2176 verti-

356 2225 465 2300 cillati
488 2248 562 2302 esse
580 2243 753 2324 nequeant
771 2220 839 2296 nisi
864 2221 948 2297 lolia
967 2245 1131 2321 quoqne,
1152 2247 1173 2294 e
1193 2245 1341 2320 quorum
1364 2220 1464 2298 axilla
1478 2221 1652 2321 prodeunt
1672 2223 1878 2320 (bracteae)

359 2348 591 2424 verticillatim
606 2344 775 2449 disposita
793 2344 873 2420 sint.
890 2342 1137 2433 statuendum,
1152 2345 1255 2418 flores
1268 2344 1314 2420 ita
1327 2337 1581 2444 agglomeratus
1599 2346 1654 2422 nri
1668 2349 1881 2422 secundario

358 2472 537 2548 communi
555 2469 733 2556 insidere,
762 2471 823 2570 qui
851 2487 966 2544 tamen
996 2465 1087 2542 adeo
1117 2466 1336 2542 abbreviatus
1360 2486 1435 2558 est,
1453 2489 1492 2544 ut
1509 2469 1566 2545 vir
1596 2491 1760 2572 appareat
1789 2491 1824 2547 et
1843 2491 1882 2548 ot

358 2596 486 2689 flores,
524 2595 585 2698 qui
615 2621 657 2671 en
688 2620 733 2671 eo
764 2592 938 2700 originem
965 2589 1122 2681 ducunt,
1148 2617 1191 2668 ex
1220 2590 1323 2666 anilla
1350 2589 1500 2668 bracteae
1525 2593 1671 2670 canlinae
1703 2594 1798 2671 nasci
1824 2597 1883 2674 ri-

357 2724 516 2800 deantur.

408 2846 602 2950 Exempla,
621 2873 699 2950 qttae
715 2871 818 2950 supra
835 2845 959 2938 attoli,
985 2841 1103 2920 omnia
1128 2841 1175 2920 ad
1199 2839 1474 2921 inflorescentins
1490 2845 1638 2944 spicatas
1660 2873 1761 2924 veras
1787 2849 1884 2926 rele-

358 2973 467 3050 renda
483 3027 494 3062 ,
513 2999 593 3047 cum
618 2972 711 3049 loliis
728 2973 818 3049 reris
835 2969 937 3046 nullis
953 2970 1138 3046 intertexta
1155 2969 1254 3060 sunt',
1269 2967 1419 3044 bracteis
1441 2965 1499 3044 hic
1518 2989 1653 3046 tantum
1679 2997 1724 3048 ex
1745 2974 1886 3060 ochreis

361 3097 624 3188 constantibus,
657 3097 783 3173 lamina
808 3094 887 3171 lolii
910 3091 1110 3170 deficiente.
1134 3092 1241 3168 Haud
1267 3091 1365 3171 aliter
1386 3113 1503 3171 tamen
1534 3119 1697 3196 possum,
1731 3101 1817 3199 quin
1840 3101 1887 3176 ad

360 3221 509 3300 eaodem
528 3223 670 3297 classem
689 3219 836 3296 referam
862 3217 1157 3296 infloresceutiam
1173 3218 1339 3294 sectionis
1365 3221 1604 3310 Ant'culnrioe,
1623 3223 1780 3324 quamvis
1808 3224 1885 3300 boec

358 3345 481 3422 babitu
512 3375 532 3424 a
563 3345 659 3446 spica
689 3370 902 3448 magnopere
924 3343 1075 3421 recedat.
1104 3345 1195 3420 Cum
1226 3344 1321 3419 enim
1352 3345 1411 3420 hic
1435 3371 1479 3420 ex
1505 3343 1656 3446 cujusvis
1683 3343 1760 3422 solii
1785 3348 1887 3425 axilla

361 3470 466 3547 flores
492 3469 703 3547 subsolitarii
722 3470 952 3573 proveniant,
980 3495 1128 3571 quorum
1152 3469 1262 3543 infimi
1285 3464 1389 3570 primi
1416 3470 1648 3560 evolvuntur,
1671 3492 1766 3547 totus
1777 3473 1886 3548 caulis

365 3623 386 3671 n
403 3593 519 3672 radice
532 3594 633 3684 inde,
654 3593 768 3695 spica,
787 3613 821 3668 et
841 3591 985 3696 quidem
1002 3591 1148 3686 foliosa,
1164 3593 1355 3693 iuteruptn,
1370 3593 1468 3683 lara,
1484 3589 1679 3693 irregularis
1698 3616 1731 3671 et
1752 3622 1887 3674 ramosa

362 3719 434 3796 dici
453 3739 578 3820 potest.
597 3715 636 3793 Si
661 3747 695 3797 r.
719 3745 753 3822 g.
776 3718 935 3796 varietati
964 3739 1088 3795 erectae
1112 3721 1152 3793 P.
1174 3713 1355 3794 anicularis
1373 3720 1437 3816 (P.
1461 3716 1640 3817 bellandi)
1673 3720 1780 3814 lolia,
1805 3751 1885 3824 quae

361 3841 468 3919 flores
485 3845 521 3917 in
546 3843 657 3920 axillis
677 3864 825 3944 gerunt,
843 3843 961 3920 omnia
978 3867 1171 3920 resecamus
1196 3863 1231 3918 et
1256 3843 1400 3920 ochreos
1426 3863 1559 3920 tantum
1586 3843 1780 3949 floresque,
1798 3873 1888 3950 quos

363 3965 504 4052 forent,
533 3969 569 4041 in
600 3967 756 4042 caulibus
781 3967 1033 4068 relinquimus,
1064 3967 1157 4042 nulla
1187 3985 1270 4041 tunc
1299 3965 1410 4043 aderit
1440 3967 1639 4047 differentia
1671 3972 1760 4047 inter
1792 3973 1887 4049 bunc

364 4089 511 4165 modum
537 4088 792 4164 distributionis
813 4087 939 4162 florum
958 4109 992 4163 et
1017 4089 1149 4190 spicam
1170 4115 1287 4169 veram
1314 4091 1544 4192 productam,
1574 4095 1809 4198 irregularem.
1838 4099 1886 4174 Et
1938 4191 1942 4202 .

365 4243 444 4290 cnm
459 4215 494 4287 in
511 4215 550 4288 P.
566 4212 764 4302 Persicaria,
778 4213 900 4287 stricto
917 4233 952 4288 et
971 4214 1340 4317 Hydropiperespicos
1360 4215 1550 4318 saepissime
1566 4221 1657 4295 foliis
1677 4220 1887 4324 interruptas

364 4338 604 4426 inveniamus,
635 4335 840 4423 crederem,
869 4333 1047 4413 delectum
1076 4337 1239 4414 loliorum
1270 4340 1306 4416 in
1337 4343 1437 4417 nodis
1468 4343 1646 4420 floralibus
1674 4369 1734 4424 aut
1765 4375 1886 4424 eorum

368 4464 591 4566 praesentinm
615 4481 683 4537 tam
703 4461 797 4562 parvi
813 4461 1010 4536 laciendum
1030 4487 1103 4540 esse
1120 4466 1290 4540 momenti
1302 4522 1314 4558 ,
1326 4487 1365 4541 ut
1379 4467 1550 4568 impedire
1573 4495 1643 4544 non
1663 4475 1785 4574 possit,
1799 4499 1885 4573 quo·

367 4587 481 4666 minus
498 4585 793 4662 inflorescentinm
812 4579 1088 4664 Ariculariarum
1108 4591 1215 4690 spicae
1233 4591 1378 4666 nomine
1394 4591 1580 4670 salutemus
1599 4599 1671 4694 (r).

411 4885 461 4963 (t)
493 4883 529 4946 lu
552 4885 718 4968 specierum
734 4899 830 4949 tannen
846 4884 1038 4970 diagnosibus
1054 4885 1357 4974 descriptionibusque
1377 4913 1431 4954 nec
1449 4892 1556 4956 nonin
1573 4893 1710 4957 sectionis
1726 4893 1892 4962 charactere
