4722 6076
967 617 1146 712 (33)

306 768 451 872 bryonia
488 767 745 869 longitudinem
776 791 941 868 aaaron
986 764 1217 868 cbtpiedooes
1257 777 1434 864 angustor,
1474 759 1727 836 incumbentes.
1768 729 1813 834 in

307 893 502 969 Coccoloba
518 893 653 976 uer'sero
666 912 782 969 antem
800 911 836 966 et
862 889 1048 987 laurisolr‘a
1066 890 1297 988 embryonem
1316 886 1389 964 ridi
1415 885 1565 975 anilem,
1582 883 1699 958 medio
1717 885 1812 962 atba-

305 1017 393 1092 miai
424 1016 647 1102 immersum,
677 1016 801 1090 leniter
825 1014 1052 1102 undulatam,
1070 1011 1340 1113 cotyledonibas
1357 1010 1434 1086 latis
1452 1009 1612 1084 tenuibus
1635 1013 1705 1104 (ι).

355 1139 621 1241 Polygonorum
660 1139 792 1213 fructas
826 1139 985 1211 omniunt
1029 1135 1227 1210 ochodiam.
1250 1154 1304 1210 ert
1343 1135 1482 1235 proprie
1515 1135 1565 1210 sic
1594 1133 1746 1222 dictam,
1778 1130 1817 1206 iu

316 1262 474 1364 plurimis
490 1264 672 1363 speciebus
703 1261 861 1361 carpeilis
894 1261 1026 1345 tribas,
1060 1261 1096 1334 ia
1140 1261 1363 1359 paucioribus
1389 1259 1528 1334 duobus
1565 1258 1821 1358 compositum,

310 1389 458 1486 saepins,
494 1406 532 1460 ut
558 1411 661 1486 supra
685 1384 1023 1474 demonstravimus,
1051 1383 1184 1480 calyce'
1206 1383 1412 1482 persistente
1443 1401 1555 1456 totum
1588 1379 1822 1454 reconditam·

303 1510 473 1610 ‚Carpelia
490 1510 557 1583 sibi
582 1509 734 1583 invicem
761 1510 964 1610 pleramque
995 1509 1139 1607 aequalia
1167 1525 1202 1580 et
1220 1507 1325 1580 dorso
1357 1503 1494 1580 arbenii
1524 1507 1669 1605 angulos
1687 1503 1823 1578 consti-

187 1683 191 1692 ·
311 1633 470 1726 tuentia,
506 1633 691 1732 separatim
717 1631 951 1728 contemplata
977 1629 1126 1704 formam
1151 1629 1233 1702 satis
1263 1628 1392 1702 variam
1419 1629 1608 1702 ostendant
1635 1646 1670 1701 et
1701 1649 1823 1726 super·

315 1757 434 1830 ficiem
465 1756 602 1856 planam
634 1775 690 1830 aat
720 1779 942 1844 convexam,
970 1751 1099 1826 iaerem
1134 1751 1349 1852 nitidumque
1379 1752 1437 1826 vel
1462 1777 1608 1852 opacam
1643 1750 1827 1834 retrorsa

326 1878 435 1952 modo
470 1879 852 1978 eierato-punctatum,
887 1895 945 1947 aut
976 1875 1383 1950 scrobicalato·striatum
1416 1878 1480 1970 (si
1519 1874 1663 1974 quidem
1696 1891 1828 1973 puncta
1887 1925 1898 1944 .

319 2001 483 2102 depressa
501 2001 536 2074 ia
560 2000 661 2073 lineis
691 1998 859 2098 disposita
877 2018 956 2072 sunt
971 2003 1000 2092 ).
1035 1997 1156 2088 Quam
1181 1997 1394 2098 experientia
1414 1997 1560 2072 edoctus
1577 1998 1663 2088 sim,
1680 1997 1830 2074 sormam

319 2124 457 2198 acbenii
471 2125 615 2222 ejusque
629 2120 845 2222 superficiem
863 2121 899 2194 ia
924 2145 1056 2220 genere
1080 2116 1271 2223 Polygooo
1286 2145 1351 2220 pro
1368 2121 1624 2221 distinguendis
1650 2122 1832 2223 speciebus

318 2247 533 2324 characteres
556 2244 854 2322 constantissimos
887 2243 1041 2334 oflerre,
1084 2243 1119 2315 in
1150 2261 1329 2316 auctorum
1363 2243 1587 2341 diagnosibas
1614 2262 1731 2318 natent
1760 2245 1833 2322 fera

321 2371 468 2446 omnino
489 2369 669 2469 neglectos
698 2391 759 2440 eos
784 2364 1002 2455 invenerim,
1029 2363 1123 2442 band
1147 2366 1208 2441 abs
1238 2391 1274 2439 re
1299 2365 1452 2440 saturum
1478 2367 1696 2460 existimari,
1720 2371 1749 2444 si
1775 2395 1835 2449 va·

320 2495 389 2570 rias
419 2491 647 2566 acbeaiornm
680 2489 811 2565 formas
844 2489 1036 2565 accuratius
1072 2489 1307 2566 describerem
1342 2509 1377 2564 et
1424 2491 1652 2566 strictioribus
1682 2493 1840 2570 terminis

229 2607 233 2616 ¹
320 2613 554 2716 designarem.

375 2738 573 2812 Acherram
608 2737 816 2812 Icatr'calarc
841 2761 868 2810 s.
899 2759 1137 2834 compressam
1162 2760 1255 2811 roco
1282 2737 1517 2838 quodcunque
1542 2740 1679 2815 duobus
1704 2759 1840 2816 tantam

324 2861 549 2963 componitur
585 2861 760 2959 carpellis,
796 2859 1004 2958 etquidem
1046 2859 1528 2960 erlebaldo-compressam,
1562 2864 1592 2938 si
1621 2863 1667 2938 ad
1691 2863 1842 2940 formam

327 2984 556 3061 orbicularem
583 2982 694 3083 magis
718 2980 854 3056 accedit
870 3000 906 3054 et
927 2981 1078 3057 breviter
1099 3001 1232 3057 tantum
1257 2983 1491 3062 acuminatam
1511 2987 1566 3060 vel
1587 2987 1704 3092 potios
1725 2988 1843 3088 apicu-

328 3109 435 3185 latam
452 3127 524 3198 est,
549 3111 565 3201 (
577 3132 611 3181 r.
636 3131 672 3206 g.
699 3107 740 3180 P.
769 3105 970 3194 Orrbntale,
988 3103 1216 3197 Pcrsr'corr'a,
1239 3125 1324 3198 eto,
1352 3107 1399 3181 ci.
1425 3109 1514 3184 Tab.
1539 3110 1602 3183 ΠΙ.
1629 3113 1673 3183 Κ.
1700 3111 1757 3211 fig.
1785 3137 1842 3187 ra.

331 3259 372 3322 a,
401 3251 437 3305 et
461 3233 504 3304 b.
530 3234 587 3330 fig.
612 3255 666 3304 ro.
679 3233 713 3321 );
743 3229 1175 3327 cordato-compressam,
1199 3229 1229 3303 si
1255 3230 1403 3331 carpello
1433 3232 1508 3305 basi
1536 3250 1648 3308 retusa
1675 3252 1733 3308 aut
1758 3255 1844 3309 coe·

327 3352 413 3428 data
442 3357 502 3449 (v.
521 3378 556 3451 g.
580 3350 626 3424 P.
643 3351 863 3449 Nepalcnse,
894 3349 940 3424 ci.
968 3349 1056 3426 Tab.
1080 3352 1168 3442 vlt,
1193 3354 1252 3454 fig.
1266 3355 1313 3426 ΙΙ.
1329 3357 1412 3453 7.);
1437 3371 1536 3428 orato
1553 3395 1575 3412 -
1590 3380 1619 3427 s.
1630 3355 1847 3457 pyrisormr'·

332 3500 587 3578 compressam,
604 3473 634 3547 si
652 3473 771 3548 medio
789 3472 1014 3587 latissimum,
1031 3474 1192 3576 atriaque
1215 3494 1446 3568 attenuatam,
1478 3479 1577 3580 apice
1594 3479 1849 3569 acuminatum,

333 3601 409 3676 basi
435 3625 520 3673 vero
549 3599 768 3687 obtusatum‚
789 3601 873 3692 .(r.
910 3623 944 3696 g.
980 3595 1027 3692 P,
1069 3597 1317 3698 Vt'rgr'rrr'orram
1349 3600 1397 3674 cf.
1423 3601 1513 3702 Tab.
1537 3604 1601 3676 ΙΙΙ.
1626 3603 1673 3676 Ν.
1698 3603 1757 3703 ag.
1783 3603 1848 3702 9.)

336 3721 550 3822 Huiusmodi
591 3721 735 3797 achenia
779 3720 833 3794 sel
880 3719 1085 3820 acutangnia
1123 3723 1180 3796 vel
1222 3722 1467 3824 obstasangula
1505 3743 1540 3798 et
1568 3725 1724 3802 faciebus
1756 3751 1851 3800 nanc

338 3845 507 3922 convexis
536 3868 631 3917 nunc
655 3843 768 3943 planis
795 3860 854 3916 aut
883 3842 1073 3942 depressis,
1109 3846 1237 3954 saepias
1259 3837 1397 3948 quoque
1422 3847 1514 3924 facie
1539 3848 1643 3924 altera
1671 3846 1848 3950 depressa,

339 3993 513 4059 concava,
552 3969 659 4044 altera
703 3992 859 4042 convexa
901 3985 969 4052 aat,
999 3965 1119 4042 medio
1151 3988 1284 4045 tantum
1322 3971 1467 4070 gibbere
1504 3971 1664 4046 obsoleto
1701 3972 1853 4062 munita,

340 4113 489 4170 exstant.
513 4095 554 4166 la
574 4091 621 4166 P.
642 4095 765 4164 sorbo
782 4109 817 4166 et
842 4090 1102 4194 Hydroprperc
1126 4091 1193 4166 tale
1216 4094 1341 4194 gibber
1366 4095 1491 4195 saepias
1516 4093 1607 4172 adeo
1632 4113 1770 4171 auctam
1795 4097 1855 4170 ia-

343 4218 503 4307 venitur,
529 4235 568 4290 nt
596 4215 801 4305 acherium,
835 4217 900 4291 etsi
933 4217 1070 4293 duobos
1100 4217 1322 4292 solummodo
1352 4219 1511 4318 carpellis
1537 4219 1770 4319 compositam
1795 4217 1858 4310 sit,

343 4358 458 4414 tamen
472 4365 552 4413 rere
566 4339 768 4438 triquetrum
783 4362 858 4413 esse
876 4338 1054 4429 rideatur,
1072 4341 1199 4441 angulo
1213 4341 1316 4416 tertio
1335 4361 1468 4418 tanturn
1485 4343 1662 4418 obtusiore
1677 4342 1749 4440 (ci.
1766 4342 1856 4419 aaa.

346 4463 408 4534 ΙΙΙ.
426 4461 478 4552 Μ,
497 4463 554 4560 fig.
577 4491 617 4554 r,
636 4489 656 4533 a
675 4481 709 4536 et
727 4465 791 4560 3).
809 4463 851 4534 ia
869 4463 1052 4564 speciebus
1072 4461 1226 4539 arbeniis
1251 4465 1508 4542 lenticularibus
1531 4465 1688 4566 proditis
1710 4465 1857 4539 acbenia

324 4609 597 4685 -nonnanqaam
626 4584 791 4686 triquetra
817 4603 855 4660 et
880 4583 990 4661 immo
1017 4605 1217 4687 pentagona
1256 4589 1396 4688 (tribas
1433 4589 1670 4690 autquinque
1704 4585 1862 4686 carpeiiis

390 4880 440 4958 (r)
456 4877 503 4942 Cf.
527 4877 619 4942 Lara.
639 4879 687 4942 stt.
709 4893 732 4943 t.
747 4881 820 4948 sac.
833 4879 864 4944 b.
884 4881 926 4958 ὣς
948 4894 977 4944 at
992 4879 1075 4946 Tab.
1094 4893 1199 4944 nostrae
1213 4881 1262 4959 11,
1279 4881 1305 4944 B
1326 4894 1355 4944 et
1371 4879 1407 4944 C.
1423 4879 1473 4966 ag.
1485 4888 1516 4959 4.

1682 5037 1708 5111 9
