4596 6052
987 517 1150 623 lrl

322 666 505 742 nontaliter
525 682 701 766 patentes,
733 663 854 764 petioli
883 662 1141 762 longitudinem
1158 679 1356 763 aequuum,
1370 663 1514 773 liguram
1528 659 1726 771 ostendunt
1740 659 1822 743 irre·

321 790 485 892 gulariter
502 788 725 862 renisurmenr
745 792 815 886 (r).
833 788 970 862 Nereus
988 788 1082 862 enim
1105 775 1240 864 medius
1259 765 1506 887 cotyledonem
1535 786 1571 874 in
1598 787 1682 868 duas
1710 808 1835 891 partes·
1934 877 1944 894 ·

319 911 531 1014 inaequales,
557 914 696 988 alterurn
716 911 896 995 latiorem,
931 911 1072 986 alteram
1090 911 1302 988 obtusiorem
1321 903 1652 1014 augustioremque,
1678 931 1824 1016 separat.

320 1037 362 1110 ln
382 1057 527 1136 utroque
544 1037 650 1112 latere
672 1035 808 1110 laminae
845 1034 1065 1131 cotyledonis
1083 1035 1182 1108 nervi
1209 1034 1279 1111 duo
1307 1035 1479 1124 veltres,
1506 1034 1682 1134 palmatirn
1712 1019 1831 1115 dives

320 1179 464 1262 gentes,
483 1165 641 1247 exstant,
675 1161 736 1259 qui
754 1159 948 1259 marginem
968 1181 1084 1234 versus
1104 1156 1265 1234 bifurcati
1290 1179 1381 1234 sunt.
1513 1244 1517 1255 ι

369 1287 467 1358 lnter
491 1284 743 1381 cotyledonum
771 1282 920 1382 petiolos
937 1281 1006 1380 jam
1030 1281 1134 1380 primi
1153 1281 1228 1356 solii
1253 1280 1440 1382 vestigium
1464 1284 1528 1356 sub
1544 1277 1832 1384 formagibberis,

322 1407 525 1484 acutiusculi
544 1425 685 1506 apparet
698 1459 716 1494 ,Δ
733 1407 852 1506 qnod,
885 1403 1026 1504 quando
1043 1405 1210 1497 linearum
1239 1393 1385 1504 quatuor
1403 1425 1437 1479 et
1463 1407 1549 1482 ultra
1571 1407 1829 1509 longitudinem

322 1531 464 1630 attigit,
490 1529 639 1604 sormam
656 1530 733 1603 lolii
751 1527 942 1604 subsessilis
956 1528 1170 1625 marginibus
1187 1528 1352 1604 revolutis
1370 1529 1534 1604 distincte
1552 1531 1749 1610 manifestat
1757 1535 1829 1628 (a).

320 1653 486 1739 folium,
516 1646 716 1754 priusquam
753 1653 844 1726 hano
879 1651 1137 1750 longitudinem
1177 1651 1413 1748 superaverit,
1444 1671 1554 1726 toturn
1591 1656 1829 1752 membranula
1949 1717 1954 1724 .

322 1795 454 1850 tectum
475 1796 579 1876 atque
603 1775 772 1850 inclusum
792 1794 843 1849 est
865 1778 1072 1864 tenerrima,
1091 1773 1284 1873 pellucido,
1305 1801 1408 1872 quarn
1431 1776 1538 1849 serius
1553 1777 1652 1875 apice
1666 1778 1831 1876 perforat.

320 1901 409 1990 Quae
433 1901 657 1984 membrana,
686 1925 705 1972 e
736 1897 814 1971 lolii
841 1897 1028 1972 nodosorta
1051 1897 1148 1972 etad
1172 1897 1291 1997 petioli
1310 1898 1408 1972 basin
1428 1924 1628 1985 remanens,
1646 1921 1830 2002 postquam

320 2024 444 2098 lolium
458 2024 602 2098 liberum
621 2047 879 2121 expansumque
900 2047 941 2094 ex
955 2047 995 2094 ea
1009 2019 1139 2119 prodiit
1154 2075 1165 2111 ,
1178 2021 1221 2096 ab
1240 2022 1439 2096 auctoribus
1464 2049 1556 2096 ntrnc
1575 2023 1724 2118 ochreae,
1736 2052 1831 2100 nunc

319 2147 483 2247 vaginae,
505 2172 600 2220 nunc
625 2146 791 2244 stipulae,
821 2144 1115 2234 anobisautemr,
1145 2170 1225 2216 curn
1253 2169 1452 2243 persuasum
1479 2145 1693 2240 habeamus,
1719 2175 1739 2222 e
1762 2149 1827 2224 sti·
1907 2241 1910 2248 Ι

320 2271 412 2370 pulis
429 2270 562 2346 duabus
579 2269 739 2343 connatis
763 2266 947 2344 formatam
973 2292 1068 2358 esse,
1086 2266 1221 2342 ochreca
1237 2269 1384 2342 nornine
1402 2269 1604 2368 designatur
1622 2272 1693 2368 (3).

371 2395 476 2466 Folio
499 2391 614 2492 primo
643 2392 772 2466 sessilia
799 2381 1078 2475 esse'videntur,
1111 2389 1244 2488 petiolo
1275 2389 1450 2465 antelolii
1480 2395 1728 2492 expansionem
1761 2421 1835 2471 non

322 2518 464 2592 evoluto
482 2534 516 2590 et
545 2516 653 2590 serius
683 2534 815 2591 tanturn
846 2541 913 2590 una
945 2540 1024 2586 cum
1041 2513 1136 2585 loliis
1162 2531 1196 2587 et
1216 2513 1312 2588 caule
1347 2514 1575 2589 increscente.
1592 2518 1724 2594 Omnia
1749 2517 1834 2594 lolia

321 2641 448 2716 eodem
467 2639 576 2714 modo
595 2639 800 2713 evolvuntur
820 2659 856 2712 et
873 2639 1024 2738 denique
1043 2635 1149 2711 caulis
1177 2633 1450 2714 inflorescentias
1467 2639 1599 2740 profert
1624 2639 1752 2741 (qrrod'
1766 2669 1834 2719 see·

319 2765 462 2866 pissime
479 2766 549 2863 jaro
568 2761 613 2838 ad
630 2782 789 2862 quartum
807 2783 863 2836 aut
882 2763 1042 2863 quintum
1060 2759 1194 2834 nodum
1212 2761 1278 2856 fit)
1294 2761 1379 2852 ‚ita
1398 2782 1435 2836 ut
1465 2763 1581 2862 planta
1606 2764 1836 2865 cotyledones
1920 2835 1925 2842 .

321 2908 357 2963 et
384 2888 489 2963 flores
523 2887 720 2989 perfectos,
752 2887 959 2964 incunabula
982 2905 1017 2960 et
1042 2877 1187 2977 'torumss
1216 2885 1343 2960 eodem
1379 2905 1537 2987 ternpore
1564 2889 1674 2962 oculis
1707 2889 1858 2968 nostris

320 3013 494 3106 exhibeat.

324 3136 328 3144 ’
370 3133 508 3211 Eodem
539 3135 648 3211 modo
667 3153 700 3210 et
718 3129 859 3236 reliquae
876 3127 1139 3234 Polygonorum
1164 3129 1298 3234 species
1316 3123 1717 3232 germinant3'tbaaima
1742 3137 1838 3211 enim

320 3246 520 3360 differentia
547 3257 644 3334 in'eo
673 3279 847 3348 versatur,
876 3259 971 3359 quod
1000 3243 1269 3358 ‘cotyledoiribus
1302 3255 1455 3355 gaudent
1488 3255 1624 3357 planis,
1661 3261 1839 3360 angustio·

320 3385 417 3460 ribus
447 3405 481 3458 et
506 3385 599 3486 quod
614 3442 626 3477 ,
642 3381 720 3458 loco
752 3403 935 3457 nervorum
963 3367 1209 3482 palmatorum,
1228 3381 1334 3454 unico
1353 3398 1484 3455 tantam
1516 3403 1624 3455 nerto
1642 3381 1761 3456 madio
1785 3385 1837 3457 in·
1880 3411 1883 3416 ’

322 3527 460 3584 structae
475 3529 567 3582 sunt.
581 3507 788 3608 Plerumque
808 3531 947 3606 quoque
971 3504 1203 3605 pericarpium
1223 3525 1323 3603 supra
1348 3523 1471 3576 terram
1489 3503 1661 3592 evehunt3
1677 3506 1838 3607 exemplo

324 3631 393 3707 sint
424 3635 467 3706 P.
494 3631 674 3708 Orientale
691 3650 727 3704 et
750 3632 983 3729 Senegalense
1003 3635 1076 3724 (4).
1107 3615 1328 3702 Getrninatio
1343 3647 1377 3700 et
1396 3626 1521 3701 modus
1539 3628 1747 3703 evolationis
1765 3653 1841 3707 scc-

324 3755 485 3846 tionum‚
513 3781 590 3853 quae
608 3749 878 3855 cotyledonibus
897 3749 1203 3837 incumbentibus,
1225 3769 1438 3852 earumque,·
1463 3753 1839 3852 qnae'acctmbentibus

325 3879 478 3980 gaudent
497 3877 787 3980 cotyledonibus,
824 3876 969 3950 omnino
998 3876 1136 3950 endem.
1164 3875 1407 3976 Cotylcdones
1441 3861 1607 3980 priorum
1627 3877 1841 3976 angmtiores

324 4024 428 4094 sant,
456 4003 603 4078 lineares
619 4023 653 4077 et
674 3999 805 4076 ratione
824 3999 1054 4100 longitudinis
1080 3999 1257 4100 longiores
1291 4023 1394 4100 quarn
1414 3993 1669 4098 posteriorum,
1694 4026 1838 4101 quorum

324 4125 442 4228 plures
466 4126 600 4228 species
632 4131 696 4223 (r.
714 4153 749 4228 g.
774 4123 817 4200 P.
835 4123 1077 4226 Virginianutn
1104 4139 1139 4200 et
1168 4121 1340 4225 imprimis
1365 4125 1408 4202 P.
1426 4117 1641 4224 ‘Alpinuml'
1658 4105 1843 4224 cotyledo-

368 4425 418 4502 (r)
440 4421 501 4484 ca.
520 4419 603 4484 Tab.
622 4421 658 4500 1,
677 4421 729 4504 ug.
751 4443 804 4499 ra,
827 4421 875 4488 13.-

369 4532 419 4610 (α)
441 4529 520 4590 ibid.
541 4529 590 4612 lig.
613 4554 667 4608 tr,
692 4539 726 4610 14
742 4545 771 4592 et
793 4531 839 4594 15.

371 4639 421 4717 (ὅ)
442 4637 522 4698 thid.
541 4637 591 4721 ag.
613 4642 649 4704 16
667 4660 683 4700 a
702 4660 729 4700 a.
989 4719 991 4724 Ι

371 4747 421 4825 (4)
440 4744 520 4808 tttd.
536 4745 588 4830 fig.
608 4770 661 4832 19,
681 4768 744 4826 ao,
763 4749 803 4814 50
818 4760 847 4811 at
863 4749 920 4815 δι.

1178 4464 1329 4530 ‚til
1448 4517 1449 4522 ,
