4722 6076
1194 747 1211 842 (
1263 771 1305 820 ¹2
1356 745 1403 840 >-

532 896 611 992 cilia
632 889 992 996 amittit'demumque
1005 894 1080 994 ipse
1093 917 1308 968 marcescens
1318 893 1460 970 decidit.
1470 897 1563 973 Tubi
1579 921 1667 974 noua
1677 896 1820 972 inferior
1831 898 1969 998 brevior
1983 917 2034 974 est

529 1021 719 1120 nmisque·
727 1017 1020 1094 descendentibus
1034 1017 1389 1118 obliquis,'purpureis
1402 1039 1529 1096 notata.

499 1143 504 1152 ¹
579 1143 735 1242 Ochreaa
762 1146 801 1217 P.
820 1142 980 1232 Bistortae
1006 1162 1042 1218 et
1062 1141 1213 1244 affinium
1230 1142 1375 1216 omnino
1396 1143 1440 1218 ad
1457 1143 1545 1225 hanc
1557 1170 1715 1220 normam
1732 1146 1903 1240 (ochreas
1919 1145 2035 1247 cylia-

529 1268 666 1362 dricas)
692 1268 903 1358 referendae,
924 1291 1026 1366 aqua
1051 1265 1091 1343 in
1122 1291 1166 1340 eo
1189 1265 1411 1340 solummodo
1442 1268 1564 1342 leviter
1593 1268 1807 1369 discrepant,
1837 1271 1932 1370 quod
1957 1288 2037 1344 suut

530 1391 866 1492 longissimaeflolia
885 1409 1008 1490 gerunt
1028 1409 1097 1464 tam
1115 1389 1151 1462 in
1171 1390 1248 1490 ipso
1265 1389 1421 1488 margine
1434 1421 1436 1428 ’
1449 1409 1616 1476 truncato,
1633 1417 1737 1490 quam
1763 1393 1854 1467 circa
1882 1392 2037 1468 medium

532 1511 629 1607 tubi,
648 1517 830 1615 neruisque
862 1513 1059 1589 transversis
1084 1513 1198 1587 minus
1228 1512 1402 1588 distinctis
1421 1531 1453 1586 et
1482 1513 1623 1612 oblique
1652 1513 1944 1588 descendentibus
1961 1521 2036 1588 am·

531 1640 697 1729 biuntur,
720 1641 799 1728 ita,
830 1659 866 1721 ut
890 1657 992 1712 ‘zonae
1016 1637 1095 1711 duee
1124 1637 1293 1711 obsoletae
1318 1637 1407 1722 sint,
1438 1636 1474 1709 in
1500 1637 1540 1708 P.
1567 1637 1716 1711 Bistorta
1743 1635 1800 1711 vix
1825 1635 2037 1733 conspicuat.

531 1761 640 1836 Nervi
670 1787 790 1837 omnes
808 1755 1001 1837 admodum
1026 1781 1157 1851 tenues,
1185 1784 1303 1860 margo
1330 1785 1505 1859 uunquam
1527 1760 1673 1834 ciliatus.
1698 1761 1874 1849 Omnem,
1906 1759 1971 1830 etsi
2002 1758 2039 1830 iu

531 1885 597 1962 ltac
610 1886 765 1960 sectione
776 1909 794 1970 e
807 1879 1284 1983 loliorum-arillisrrunquam
1299 1881 1384 1958 rami
1403 1881 1582 1981 prodeant,
1593 1883 1824 1959 tamensetius
1837 1882 2039 1979 plerumque

531 2035 603 2108 uuo
619 2011 724 2084 latere
738 2009 948 2096 findunturrf
1072 1992 1080 2009 ⁶

833 2160 836 2170 ·
870 2163 899 2180 ··
1003 2167 1010 2190 ι
1042 2172 1084 2227 ¹2.
1110 2154 1254 2228 chrroe
1281 2155 1585 2254 semt'cylt'ndricoe.

580 2358 736 2432 Oetaea
749 2327 1041 2454 semicylindricae
1057 2353 1095 2426 in
1113 2379 1156 2427 eo
1174 2352 1295 2427 leviter
1314 2370 1445 2428 tantum
1461 2353 1598 2454 apriori
1615 2379 1738 2428 norma
1755 2354 1933 2444 recedunt,
1946 2355 2043 2454 quod

538 2484 741 2584 plerumque
758 2479 934 2555 breviores
953 2497 1042 2564 sunt,
1062 2476 1148 2554 lolia
1163 2501 1299 2575 semper
1316 2476 1350 2548 in
1370 2477 1488 2550 infima
1514 2478 1587 2554 basi
1612 2497 1747 2578 gerunt,
1763 2503 1875 2578 neque
1891 2503 2042 2578 unquam
2129 2519 2134 2530 ·

533 2605 648 2682 naris
680 2602 888 2684 transuersis*
904 2602 948 2675 io.
966 2601 1050 2682 duas
1085 2623 1190 2674 nonas
1221 2597 1436 2674 dividuntur.
1464 2603 1653 2698 Nunquam
1678 2602 1744 2676 nisi
1772 2601 1807 2674 iu
1839 2600 2041 2684 vernatione

533 2727 750 2828 cylindricae,
772 2742 893 2824 postea
915 2723 1032 2798 statim
1050 2721 1395 2822 constantissimeque
1409 2723 1597 2799 latere‘uno
1612 2724 1813 2818 finduntur,
1834 2725 1975 2822 qualit,
2005 2743 2042 2797 ut

535 2851 693 2952 margine
718 2847 898 2948 superiore
921 2847 1031 2920 libero
1053 2869 1090 2919 re
1115 2869 1195 2922 vera
1220 2863 1377 2920 truncato
1406 2872 1477 2921 nou
1503 2845 1686 2945 gaudeant.
1711 2846 1948 2922 Horizontalis
1973 2847 2043 2920 sal·

465 3007 468 3014 ·
537 2995 609 3051 tem
629 3001 700 3048 non
717 2971 842 3049 esthic
854 2993 996 3070 margo,
1011 2967 1072 3043 sed
1087 2967 1267 3067 obliquus,
1292 2993 1312 3043 a
1336 2959 1470 3068 petiolo
1496 2969 1656 3070 utrinque
1669 2969 1809 3069 oblique
1827 2969 2044 3045 adscendens

535 3099 580 3178 ad
598 3091 828 3198 apicemplus
843 3093 1000 3171 minusve
1018 3089 1266 3182 rotundatum,
1286 3092 1448 3167 obtusum
1468 3118 1580 3192 neque
1599 3117 1748 3192 unquam
1766 3093 1854 3167 ciliis
1873 3111 2046 3170 ornatum.

534 3226 576 3297 ln
595 3223 636 3298 P·
652 3221 803 3296 ciliuoda'
817 3221 834 3314 (
846 3217 893 3292 cf.
912 3213 1120 3316 tab.v.s1g.
1146 3217 1330 3312 llis-20.)
1351 3215 1620 3316 tubumochreae
1636 3235 1714 3290 ante
1745 3215 1911 3289 soliorum
1931 3216 2046 3314 expli-

536 3346 711 3444 cationem
739 3346 803 3436 (ut
822 3339 931 3414 modo
951 3339 1054 3435 dixi)
1081 3363 1161 3412 rere
1179 3337 1410 3436 cylindricum
1427 3338 1631 3428 observavi,
1649 3338 1805 3438 margine
1824 3358 1938 3412 tamen
1954 3337 2043 3411 obli-

536 3472 607 3572 quo
627 3487 661 3544 et
680 3469 715 3543 in
734 3466 839 3543 latere
855 3463 943 3540 folio
961 3462 1126 3563 opposito
1143 3463 1266 3536 obtuse
1277 3457 1474 3534 acuminato
1489 3458 1623 3558 integro
1642 3460 1854 3534 distinctum.
1869 3464 1901 3534 Ε
1915 3462 2046 3560 petiolo

537 3594 635 3672 nervi
653 3592 724 3667 duo
742 3607 876 3666 tantum
893 3587 1021 3664 virides
1043 3605 1078 3660 et
1101 3583 1184 3660 satis
1201 3582 1307 3660 validi
1323 3580 1475 3682 paralleli
1493 3581 1726 3673 adscendunt,
1737 3584 1886 3683 spatium
1904 3585 1993 3660 inter
2010 3613 2047 3662 se

537 3718 771 3817 relinquentes
816 3711 1154 3798 membranaceum,
1212 3705 1325 3782 nervis
1364 3730 1483 3781 careus
1499 3703 1520 3788 '‚
1561 3706 1852 3806 angustissimum.
1897 3709 2046 3806 Apicem

538 3845 656 3919 versus
681 3839 866 3934 direrguut
895 3832 993 3906 nervi
1016 3851 1052 3906 et
1077 3830 1241 3918 tandem,
1258 3829 1302 3904 ab
1330 3829 1457 3928 angulo
1480 3846 1607 3916 acuto,
1635 3831 1671 3902 in
1695 3857 1799 3930 quem
1826 3831 1899 3904 tubi
1925 3857 2046 3932 margo

539 3986 683 4065 uterque
707 3959 869 4058 obliquus
893 3955 1057 4044 confluit,
1084 3955 1265 4042 abientes,
1290 3952 1472 4052 ipsumque
1496 3951 1687 4051 marginem
1710 3953 1756 4028 ad
1773 3953 1907 4052 apicem
1923 3965 2082 4056 septe-²

540 4109 636 4164 mum
654 4087 792 4162 ochreae
806 4105 914 4180 usque
927 4097 1137 4178 sequentes,
1163 4079 1201 4151 in
1226 4077 1293 4150 hoc
1318 4067 1553 4176 demum'ipsi
1575 4077 1844 4176 conjunguntur.
1871 4085 1888 4173 (
1900 4079 1945 4152 cl.
1978 4081 2047 4156 tab.

539 4212 585 4284 V.
601 4211 627 4284 l.
649 4231 703 4304 19.
722 4209 784 4305 h.)
805 4205 1033 4279 interstitium
1051 4201 1170 4316 meglio
1189 4199 1279 4314 inter
1297 4224 1420 4274 nervos
1441 4199 1549 4288 istos,
1568 4224 1655 4299 quos
1676 4200 1896 4298 marginales
1923 4229 2048 4282 vocare

542 4336 668 4423 liceat,
685 4333 749 4406 sub
775 4330 848 4431 ipsa
872 4327 950 4404 folii
975 4319 1174 4416 evolutione
1198 4322 1243 4400 ad
1269 4323 1438 4423 petiolum
1463 4348 1568 4423 usque
1586 4321 1727 4398 finditur
1746 4327 1815 4418 (1),
1829 4351 1900 4422 quo
1926 4330 1986 4418 tit,
2012 4347 2048 4402 ut

543 4455 813 4552 tubi—margines
829 4452 1022 4553 superiores
1047 4447 1257 4548 obliquiores
1280 4445 1393 4520 adltuc
1414 4472 1517 4544 quam
1547 4465 1646 4522 antea
1673 4445 1861 4522 reddantur
1883 4450 2048 4550 nervique

544 4613 582 4664 re
609 4607 689 4660 vera
707 4575 924 4676 marginales.
943 4577 1117 4648 Praetereo
1140 4573 1264 4668 inlltac
1285 4571 1403 4668 specie
1429 4569 1527 4644 uerri
1553 4589 1684 4646 tanturn
1709 4587 1846 4646 exstant
1873 4589 1961 4663 tres,
1986 4599 2047 4650 ra-

544 4707 633 4790 titi,
654 4702 803 4790 virides,
822 4697 1035 4786 abinvicem
1057 4699 1114 4775 rix
1143 4697 1214 4770 ullo
1237 4694 1422 4770 interstitio
1439 4693 1597 4793 separati,
1617 4720 1657 4768 ex
1684 4693 1821 4770 ocltreae
1844 4695 1920 4772 basi
1931 4696 2049 4772 inlima

590 4959 637 5036 (r)
656 4955 798 5027 Limam,
833 4950 989 5014 secuudum
1008 4969 1092 5030 mam
1121 4947 1223 5008 fissura
1241 4941 1462 5030 progreditur..
1478 4942 1508 5004 iu
1525 4940 1606 5005 Tab.
1622 4944 1664 5020 V,
1694 4944 1744 5026 lig.
1768 4945 1845 5008 181⁴.
1878 4959 2049 5029 punctorum
2123 5041 2126 5050 .

549 5064 622 5128 serie
641 5061 843 5126 indicarimus.
