4722 6076
1197 579 1401 678 (18).

560 725 704 801 Florum
722 727 869 801 evolutio
887 728 925 802 in
942 728 1097 826 qualibet
1122 729 1246 805 haram
1272 728 1572 807 modificationum
1598 728 1709 831 spicae
1730 728 1923 831 centripete
1951 749 2035 824 est,

513 849 729 928 adscendens
747 851 802 930 vel
821 851 1010 929 indefinite.
1040 852 1171 955 Spica,
1192 854 1353 956 panicula
1374 856 1431 930 vel
1450 877 1606 930 racemus
1636 855 1716 928 axin
1735 856 1888 950 (caulem
1906 855 2033 955 prima-

513 974 633 1072 rium)
654 976 882 1054 terminantes
901 977 1004 1078 primi
1023 978 1230 1056 evolvuntur
1248 997 1283 1054 et
1302 978 1339 1054 in
1356 977 1410 1053 his
1428 981 1529 1076 dores
1545 977 1720 1054 nodorum
1738 978 1943 1054 inferiorum
1958 977 2036 1080 pri·

513 1100 563 1177 mi
580 1101 783 1203 aperiuntur
799 1101 924 1177 ordine
942 1101 1166 1203 sequentibus
1183 1102 1436 1205 superioribus,
1455 1121 1489 1178 et
1519 1103 1738 1178 florescentia
1763 1103 1811 1179 ita
1827 1127 1966 1202 semper
1983 1101 2037 1179 al·

514 1223 602 1302 tiara
632 1243 773 1326 petente
800 1244 903 1327 atque
924 1227 1071 1300 omnino
1097 1225 1278 1304 indefinita
1310 1226 1448 1317 future,
1475 1226 1542 1302 nisi
1572 1225 1777 1301 nutrimenti
1805 1226 1952 1326 parcitas
1977 1225 2034 1299 vel

513 1374 654 1449 qnoque
671 1348 781 1450 frigus
800 1349 955 1426 ulteriori
972 1350 1100 1452 plantae
1118 1351 1335 1426 incremento
1351 1353 1459 1430 finem
1477 1351 1712 1451 imponerent.
1729 1349 1768 1424 Si
1786 1350 2036 1452 plantaremus

512 1472 647 1573 profert
663 1473 821 1552 laterales
840 1473 966 1576 (quod
984 1473 1020 1548 in
1039 1474 1142 1551 unica
1166 1493 1301 1550 tentum
1317 1475 1473 1552 sectione
1489 1475 1719 1550 Bistortarnnr
1743 1499 1919 1574 nunquam
1947 1472 2039 1550 acci·

513 1597 597 1694 dit)
615 1617 649 1672 et
663 1598 691 1672 si
705 1599 741 1674 bi
764 1599 849 1678 rami
864 1605 972 1695 (axes
989 1596 1185 1674 secundarii
1203 1599 1258 1674 vel
1278 1598 1459 1697 laterales)
1480 1598 1752 1674 inflorescentias
1765 1597 1936 1698 gignunt,
1955 1615 2038 1672 tunc

513 1748 653 1823 semper
684 1749 797 1800 ramus
825 1749 1006 1826 supremus
1037 1724 1101 1822 (h.
1120 1750 1151 1800 e.
1184 1723 1451 1798 indurescentiae
1480 1723 1615 1798 caulem
1637 1721 1693 1797 vel
1723 1721 1803 1796 axin
1836 1719 2038 1819 pri-arium

514 1847 714 1926 terminanti
733 1847 942 1948 proximas)
962 1867 1042 1926 ante
1057 1848 1209 1946 reliquos
1229 1846 1411 1923 inferiores
1428 1847 1532 1922 flores
1549 1847 1729 1948 expandit,
1744 1847 1935 1947 etquidem
1951 1870 2040 1922 eso-

513 1971 659 2047 lntionis
679 1969 790 2046 modo
808 1972 936 2048 eodem
953 1997 995 2046 ac
1011 1973 1048 2048 in
1072 1971 1330 2047 inflorescentia
1361 1971 1546 2047 terminali.
1571 1973 1738 2047 Evolutio
1768 1969 2040 2046 inflorescentia·

378 2181 384 2191 ι
513 2121 591 2170 rum
620 2095 725 2196 igitur
754 2096 967 2196 centripeta,
993 2094 1044 2169 nti
1070 2094 1247 2187 vidimus,
1279 2121 1455 2172 ramorum
1487 2095 1745 2172 indurescentia
1778 2093 2040 2170 terminatorum

515 2218 672 2294 evolutio
686 2239 804 2294 autem
816 2218 1023 2320 centriiaga,
1039 2235 1073 2294 et
1100 2217 1246 2316 quidem
1269 2215 1360 2294 hane
1374 2218 1423 2291 ob
1440 2243 1526 2309 rem,
1543 2220 1624 2320 qnia
1642 2219 1750 2320 caulis
1778 2215 2041 2296 indurescentia

520 2343 726 2420 terminatur
746 2344 817 2438 (1).

568 2495 597 2540 1.
623 2463 732 2564 Spica
757 2465 1023 2568 Polygonorum
1056 2465 1216 2544 habitum
1245 2463 1380 2542 varium
1414 2490 1487 2567 prae
1513 2489 1550 2542 se
1581 2465 1669 2558 ieet,
1693 2466 1790 2568 quod
1817 2465 1860 2542 ab
1882 2465 2044 2540 interno·

515 2587 654 2667 diorum
679 2588 853 2666 floralium
876 2588 1119 2692 longitudine,
1138 2589 1304 2664 loliorum
1322 2588 1495 2663 floralinm
1527 2590 1710 2690 presentia
1728 2591 1785 2665 vel
1807 2569 1950 2665 deiectu
1971 2613 2041 2660 nn-

514 2739 681 2816 meroqne
699 2713 827 2788 florum
853 2739 896 2789 ex
924 2714 1048 2789 eadem
1076 2713 1177 2790 axilla
1194 2711 1477 2815 provenientium
1506 2714 1649 2817 pendet.
1673 2716 1845 2818 Exempla
1870 2714 2043 2815 spicarum

515 2863 673 2914 verarum
696 2838 808 2914 sectio
834 2838 1023 2928 Persicerja
1042 2838 1168 2923 offert,
1199 2837 1338 2912 ochreis
1359 2835 1537 2914 floralibus
1567 2840 1749 2935 (bracteis
1773 2839 1880 2935 auct.)
1904 2834 2046 2915 alternis

512 2962 592 3064 plus
610 2963 667 3038 sel
684 2961 799 3036 minus
818 2961 964 3038 remotis
979 2961 1036 3066 rel
1057 2959 1270 3053 imbricatis,
1302 2960 1525 3039 1-8-floris.
1555 2964 1679 3064 Spicas
1696 2961 1920 3067 cylrirdrr'eor
1937 2983 2045 3044 rocoa

516 3085 547 3162 si
562 3085 668 3161 flores
695 3085 775 3164 axin
804 3085 935 3188 ubique
951 3085 1035 3161 satis
1053 3084 1161 3161 dense
1175 3083 1412 3176 circumdant,
1431 3084 1491 3173 ita,
1518 3107 1556 3161 nt
1571 3086 1724 3188 cylindri
1740 3086 1852 3162 forma
1865 3084 2046 3174 efficiatur,

517 3214 616 3311 cujus
631 3211 800 3288 diameter
826 3211 873 3287 ad
886 3209 1073 3286 minimum
1100 3210 1205 3311 tripla
1233 3209 1347 3309 major
1374 3229 1426 3284 est
1456 3236 1496 3286 ae
1522 3211 1629 3286 caulis
1655 3209 1711 3286 vel
1733 3234 1837 3286 exeas
1864 3208 2047 3286 diameter.

518 3334 727 3436 (Exemplo
753 3335 824 3409 sint
849 3337 890 3410 Ρ.
915 3333 1115 3422 Orientale,
1143 3333 1412 3425 Panionia«,
1442 3335 1678 3434 amphibium,
1705 3333 1927 3434 speciosum,
1964 3331 2049 3409 Bis·

516 3479 621 3551 torta‚
645 3465 769 3556 etc.);
791 3457 1095 3556 corrsertissimos,
1119 3482 1199 3558 qnae
1226 3481 1271 3531 ne
1294 3457 1482 3558 vestigium
1506 3458 1650 3558 quidem
1668 3484 1772 3536 aneos
1795 3455 2047 3558 (pedunculi)

517 3603 551 3660 et
577 3585 714 3686 apicem
739 3603 873 3660 tantum
896 3585 1117 3660 bractearum
1135 3578 1337 3683 prospicere
1359 3581 1478 3657 sinant
1495 3582 1561 3679 (v,
1588 3609 1622 3683 g.
1649 3585 1690 3656 P.
1719 3583 1888 3672 Bistorta,
1907 3579 2047 3681 riripa-

517 3735 619 3801 rum,
645 3707 875 3808 amplribium,
893 3711 992 3803 etc.)
1012 3709 1097 3804 (n);
1124 3701 1328 3798 corfiertos,
1346 3731 1426 3806 quae
1450 3707 1608 3784 bracteas
1633 3705 1679 3780 ad
1700 3707 1800 3780 basin
1824 3733 1958 3808 nsque,
1990 3705 2049 3784 vis

518 3854 636 3911 tamen
664 3857 768 3908 areos
794 3849 929 3930 partem
947 3827 1136 3905 ostendunt
1157 3829 1215 3926 (r.
1233 3852 1271 3928 g.
1299 3831 1340 3902 P.
1356 3829 1559 3921 Orientale,
1586 3829 1758 3930 pilosam,
1788 3829 1978 3906 Persicaria
1997 3841 2047 3916 μ,

522 3962 621 4057 etc.)
653 3956 770 4060 Spicae
790 3955 1017 4057 cylindricae,
1047 3953 1134 4055 quin
1165 3953 1272 4030 etiam
1304 3952 1501 4045 confertae,
1528 3979 1777 4057 nonnunquam
1807 3955 1920 4056 spatio
1949 3953 2051 4030 nudo

526 4255 528 4260 '
566 4247 617 4325 (ι)
637 4245 815 4329 Ampliarem
833 4243 919 4327 buius
942 4243 1125 4332 pbenomeni
1144 4245 1360 4332 expositionem·
1376 4241 1459 4308 dedit
1482 4241 1588 4308 amicus
1616 4243 1732 4328 lioeper
1755 4243 1820 4308 lace
1847 4242 1904 4325 jem
1919 4242 2051 4308 laudato.

569 4354 621 4434 (a)
640 4354 733 4438 Spicea
752 4353 967 4418 coniertissimee
987 4357 1113 4421 medium
1135 4359 1217 4439 qnasi
1244 4369 1341 4417 tenere
1358 4353 1495 4417 videntur
1522 4355 1598 4418 inter
1618 4357 1728 4438 spicam
1744 4367 1773 4415 et
1794 4354 1973 4436 capitulum,
2003 4355 2051 4414 cni

525 4461 669 4526 brevitate
685 4462 915 4526 internodiorum
934 4465 1102 4541 simillime,
1135 4465 1207 4527 darn
1228 4478 1330 4526 eontra
1346 4483 1465 4526 numero
1485 4461 1736 4541 internodiorum,
1769 4475 1799 4523 et
1829 4461 1904 4524 bane
1930 4455 1969 4522 ab
1991 4481 2052 4523 rem

525 4570 713 4656 longitndine
741 4591 848 4650 exeas,
881 4569 919 4633 ab
947 4592 981 4635 eo
1000 4572 1186 4636 recedenter
1205 4573 1430 4658 aspeetnspieis
1454 4570 1608 4633 similiores
1626 4572 1696 4634 sint.
1720 4571 1757 4632 ln
1786 4571 1820 4630 P.
1840 4569 1967 4630 Bistonia
1980 4567 2052 4630 nodi

527 4679 653 4763 florigeri
670 4679 744 4744 adeo
757 4694 824 4744 eunt
839 4679 1049 4764 approximati,
1074 4695 1105 4742 at
1133 4681 1218 4744 darer
1246 4682 1305 4744 lere
1330 4679 1527 4746 verticillatim
1549 4681 1626 4742 eirea
1644 4680 1712 4740 axin
1732 4675 1867 4760 dispositi
1886 4674 2052 4738 rideantur.

528 4788 703 4850 Ancorarius
716 4803 811 4858 nmen
822 4789 1021 4854 exanimans
1041 4787 1172 4856 braeteu
1191 4811 1253 4856 nun
1272 4787 1465 4858 vernettum
1483 4807 1546 4852 esse
1564 4785 1616 4852 sed
1636 4807 1668 4852 rs
1686 4807 1757 4856 rere
1773 4785 1900 4850 alternae
1915 4783 2054 4848 disnnctr

532 4893 680 4962 ridemur.
1738 4905 1742 4910 '
