4722 6076
1024 647 1055 744 i(
1108 647 1152 723 td
1191 644 1216 743 ι)

379 792 524 897 (neque
542 819 563 868 e
578 792 741 895 petiole)
762 793 830 868 orti
851 811 894 868 ‘et
916 789 963 868 ad
988 794 1145 895 ejusdem
1174 792 1311 894 apicem
1327 788 1599 884 adscendentes,
1629 791 1781 892 paralleli
1808 793 1885 891 (r);

372 920 565 996 'interstitia
582 943 766 994 nerrmum
783 918 941 993 onmium
958 939 1036 994 aunt
1065 943 1248 1020 purpurea.
1273 917 1428 992 Ochreae
1448 919 1487 990 tt.
1509 915 1671 990 cilinodis
1693 918 1887 1019 marginem

378 1043 581 1117 inferiorem
597 1043 688 1118 cauli
705 1041 894 1134 adrutum,
915 1045 984 1139 (nt
995 1061 1134 1118 'numen
1151 1043 1222 1142 jaan
1245 1043 1405 1134 indicat)
1421 1040 1526 1116 series
1546 1039 1705 1116 ciliorum
1729 1043 1888 1116 alborum

377 1167 497 1268 paullo
526 1145 741 1243 deflexurum
762 1168 966 1244 ornat.,Sub
993 1167 1142 1267 petiolo,
1170 1169 1208 1242 in
1236 1167 1314 1267 ipso
1339 1165 1476 1242 ochreae
1501 1167 1681 1266 margine,
1709 1182 1812 1266 porus
1831 1165 1889 1242 rel

377 1291 498 1390 potius
526 1283 666 1367 loreola
693 1310 789 1391 patet
816 1291 961 1392 exigua,
991 1290 1215 1380 orbicularis,
1244 1290 1404 1390 margine
1429 1308 1583 1365 tumente
1610 1290 1746 1388 cincta,
1770 1313 1889 1364 coeca.

380 1415 500 1509 (Tah.
519 1433 564 1502 v,
595 1417 654 1513 fig.
688 1420 727 1484 18
755 1415 790 1491 d.
806 1409 923 1515 >lpse
953 1416 1074 1490 saltem
1104 1441 1180 1490 eam
1210 1413 1300 1490 intra
1331 1412 1494 1488 ochream
1522 1412 1707 1511 nequead
1733 1413 1890 1501 caulem,

140 1565 154 1574 ·
293 1613 300 1622 ,
378 1563 493 1636 neque
511 1535 554 1614 ad
573 1538 742 1636 petiolum
752 1558 996 1636 penetrantem
1010 1537 1081 1612 ridi
1101 1557 1134 1610 et
1151 1561 1247 1614 mere
1273 1534 1484 1636 epidermidi
1512 1535 1688 1636 propriam
1718 1535 1890 1608 existimo.

380 1659 495 1760 liujus
518 1661 665 1738 soreolae
681 1663 720 1737 b.
752 1662 962 1736 Wlldcrrorr
984 1660 1203 1735 mentionem
1228 1659 1298 1762 jam
1323 1657 1407 1731 lacit
1421 1661 1494 1752 (a),
1524 1659 1585 1759 qui
1615 1657 1764 1734 eandem
1785 1657 1892 1733 etiam

378 1781 415 1858 in
438 1785 482 1856 P.
502 1783 746 1878 dumetorum,
770 1785 959 1860 scandente
973 1801 1008 1858 et
1026 1779 1239 1858 conrolrulo
1256 1781 1463 1858 observarit.

429 1907 509 1982 Hac
533 1909 738 1991 ¹ociarenrum
756 1909 888 2000 forma,
906 1933 1011 2009 quam
1027 1933 1073 1982 ne
1102 1929 1184 1980 cum
1211 1904 1320 2004 priori
1347 1902 1580 1980 confundatur
1594 1903 1895 2006 semicylirrdricoe

377 2029 522 2104 nomine
532 2030 692 2134 designo,
703 2032 1028 2134 praetersectionem
1037 2027 1231 2104 Tiniariam
1244 2045 1278 2101 et
1295 2029 1517 2130 Fagnpymm
1534 2028 1648 2102 omnis
1664 2053 1802 2128 quoque
1818 2052 1889 2103 sec·

376 2152 429 2228 tio
449 2154 696 2256 Aconogonon
711 2155 863 2256 gaudet,
893 2153 1020 2256 quibus
1049 2151 1212 2228 omnibus
1236 2169 1404 2251 praeterea
1429 2151 1567 2228 ochreae
1583 2169 1664 2228 sunt
1682 2149 1895 2228 reniussimae

374 2297 412 2354 et
426 2279 554 2378 saepius
570 2305 652 2356 mox
670 2278 843 2356 decidunt.

748 2529 784 2604 3·
814 2521 958 2602 chrroe
979 2524 1282 2627 dctemmorphoe,
1303 2525 1522 2602 murum.

428 2747 510 2822 Huc
532 2747 708 2849 pertinent
722 2747 856 2848 species
872 2765 1021 2848 quatuor
1034 2772 1054 2822 e
1067 2747 1216 2850 Nepalia
1233 2767 1267 2822 et
1285 2747 1372 2824 lava
1381 2745 1439 2843 (3)
1455 2747 1583 2837 nllatae,
1599 2769 1743 2846 quarum
1756 2741 1893 2820 ochreae

378 2872 501 2946 tubum
523 2871 711 2946 efformant
739 2871 1042 2947 membranaceum
1073 2873 1128 2947 vel
1156 2870 1311 2972 prelecte
1333 2868 1565 2972 cylindricum
1579 2871 1647 2966 (P.
1671 2867 1892 2966 Wallichii)

375 2997 431 3071 vel
460 2993 781 3096 semicyliudricum
807 2993 1000 3095 appendice
1025 2993 1208 3071 auriculari
1231 3013 1383 3070 auctum.
1408 2995 1528 3070 Nerro
1552 3012 1744 3068 transverso
1770 2991 1894 3068 utrius·

375 3143 444 3220 que
460 3119 598 3209 lateris,
615 3117 676 3191 ubi
694 3144 714 3192 e
730 3113 865 3217 petiolo
881 3118 1013 3210 oritur,
1031 3115 1208 3218 appendix
1220 3114 1348 3191 insidet
1374 3113 1563 3203 solimus,
1593 3139 1636 3188 ex
1658 3112 1781 3188 eadem
1813 3113 1894 3211 sub-

375 3241 501 3316 stantia
515 3261 677 3316 constans
704 3265 744 3314 ac
770 3238 876 3332 folin,
903 3239 1126 3327 reniformis,
1155 3239 1306 3328 sessilis,
1330 3257 1454 3338 patens
1478 3237 1534 3312 rel
1559 3234 1648 3311 cauli
1674 3260 1808 3311 sursum
1834 3258 1893 3314 aut

375 3361 539 3436 deorsum
565 3361 778 3462 applicatus,
796 3360 1000 3460 plerumque
1020 3360 1123 3434 latior
1144 3384 1249 3459 quarn
1265 3360 1416 3459 longus,
1432 3384 1681 3459 nonnunquam
1700 3377 1815 3434 tamen
1831 3386 1893 3433 ot-

280 3577 284 3584 ,
375 3484 563 3577 bicularis,
589 3482 831 3583 magnitudine
855 3483 991 3574 rarius,
1015 3502 1168 3558 attamen
1193 3483 1364 3558 diametro
1389 3505 1452 3556 suo
1478 3481 1632 3557 maximo
1648 3480 1813 3584 pollicem
1831 3481 1891 3558 di-

375 3605 525 3681 midium
542 3606 636 3682 lraud
650 3630 827 3706 superans,
844 3605 998 3706 margine
1015 3605 1152 3706 integro
1169 3603 1430 3690 scabriosculus,
1450 3601 1612 3708 utrinque
1630 3603 1892 3706 glabriusculns,

372 3727 805 3832 glandulosopunctatus,
827 3729 943 3803 nervis
970 3755 1012 3803 ex
1036 3727 1233 3804 insertionis
1261 3748 1395 3830 puncto
1415 3727 1676 3831 divergentibus
1700 3747 1735 3804 et
1757 3730 1890 3832 margi·

378 3879 462 3928 uem
479 3878 596 3926 versus
615 3853 650 3925 in
668 3872 742 3926 rete
759 3877 925 3926 venusam
944 3852 1211 3928 confluentibus.
1228 3851 1399 3945 Ochreae,
1413 3852 1450 3927 in
1467 3853 1606 3928 ramulis
1624 3851 1890 3929 inflorescentioe

378 3977 538 4052 omnimo
560 3974 749 4066 deficiunt,
774 3976 865 4079 parti
881 3977 1157 4055 membranaceae
1170 3975 1373 4080 cylindricae
1399 3995 1515 4053 autem
1531 3975 1707 4078 appendix
1724 3977 1789 4054 iste
1809 3978 1889 4054 sub·

379 4099 543 4177 stituitur.

429 4219 657 4326 Appendices
673 4219 712 4295 hi
727 4221 908 4324 stipulacei
926 4224 1203 4316 indurescentiae,
1218 4219 1444 4305 basicordata
1454 4224 1605 4302 ramulos
1615 4223 1889 4328 amplectentes,

422 4501 473 4580 (r)
493 4498 540 4562 Cl.
561 4496 642 4560 Tab.
661 4499 703 4576 V,
721 4498 772 4582 lig.
797 4521 834 4586 ¹9
853 4514 882 4561 et
900 4521 942 4566 ao
957 4522 998 4584 g,
1019 4523 1057 4586 g,
1075 4523 1106 4584 g.

422 4610 473 4688 (a)
495 4608 585 4670 Linn.
602 4629 648 4694 sp.
668 4609 709 4692 pl.
726 4611 765 4670 11.
786 4629 817 4690 p.
833 4609 896 4688 456
914 4631 946 4673 n.
973 4619 1026 4691 42.

420 4717 471 4794 (δ)
490 4714 617 4779 Unicum
633 4719 778 4800 specimen
798 4737 833 4779 ex
850 4721 923 4783 Java
938 4720 969 4780 in
987 4720 1068 4784 herb.
1088 4719 1134 4783 ill.
1153 4719 1202 4780 De
1220 4713 1361 4782 Candollc
1378 4729 1487 4792 exsut,
1513 4715 1547 4777 P.
1568 4713 1707 4777 Chinenti
1725 4727 1754 4774 et
1772 4730 1887 4798 corym-

380 4817 453 4883 boso
466 4824 476 4882 l
493 4821 591 4898 affine,
606 4823 684 4904 quod
697 4846 767 4890 vero
786 4823 824 4888 ob
842 4824 945 4889 dorum
963 4827 1105 4891 delectum
1122 4825 1352 4890 determinarent
1365 4824 1397 4894 in
1412 4821 1597 4887 Prndromum
1611 4835 1740 4884 neruum
1757 4822 1887 4907 recipere

378 4927 458 4990 lrnnd
474 4947 638 5012 pmrurnus.
