4722 6076
1187 493 1344 591 (6)

515 643 719 745 embryonis
735 637 812 714 axin
848 635 939 736 (qui
968 636 1074 713 etiam
1099 637 1242 714 seminis
1260 640 1364 736 axis)
1407 638 1666 714 circumvolutae
1695 639 1786 730 sint,
1813 657 1852 713 ut
1878 637 2013 714 semine

516 772 722 848 transversin
751 762 859 836 scisso
886 759 959 836 iere
993 761 1056 836 sub
1088 761 1201 836 iorma
1231 764 1267 836 S.
1299 763 1452 839 Romani
1485 782 1696 863 appareant,
1727 763 1823 862 cujus
1851 763 2011 836 extremi·

456 965 460 971 ,
517 907 566 966 tas
595 894 691 970 altera
740 885 930 986 angulum,
961 885 1067 964 alteru
1106 885 1264 962 medium
1306 887 1472 986 marginis
1507 877 1567 960 isti
1605 887 1732 987 angulo
1772 886 1927 986 oppositi
1962 903 2018 962 at-

516 1013 619 1115 tingit
639 1012 705 1107 tl)·.
1293 1113 1294 1118 ἵ

555 1139 672 1213 Totus
692 1133 897 1232 embryonis
914 1131 1026 1210 forma
1045 1135 1104 1230 (2)
1124 1159 1253 1208 conum
1273 1133 1405 1224 refert,
1435 1133 1533 1232 cujus
1557 1157 1646 1232 apex
1682 1132 1864 1231 (radicula
1883 1132 2017 1245 cptyie-

507 1257 652 1335 donitas
679 1254 752 1330 iere
785 1275 856 1333 tota
880 1256 1067 1348 involuta)
1102 1256 1244 1332 seminis
1275 1256 1413 1358 apicem
1442 1274 1600 1356 spectat,
1634 1276 1671 1332 et
1699 1256 1790 1332 basis
1816 1256 2019 1348 chalanem,
2044 1251 2047 1254 ’

507 1382 569 1457 nbi
588 1379 843 1478 cotyledones,
875 1379 1052 1453 aibumine
1079 1405 1152 1452 non
1187 1398 1311 1469 tectae,
1352 1377 1582 1455 immediatim
1622 1379 1686 1453 sub
1717 1379 2017 1478 spermodermate

506 1521 671 1607 aptarent
689 1505 758 1596 (3).
775 1501 1014 1601 Cotyiedones
1032 1503 1103 1601 Jam
1130 1527 1222 1578 nunc
1237 1501 1449 1578 nervationis
1470 1503 1631 1601 paimutae
1650 1501 1763 1599 prima
1789 1503 1934 1602 vestigia
1953 1527 2015 1576 os-

507 1624 662 1732 tendunt·
698 1623 867 1697 Plumula
902 1623 1060 1699 nondum
1094 1623 1295 1724 conspicua.
1327 1623 1502 1698 Albumea
1520 1625 1659 1716 album,
1682 1623 1898 1710 farianum,
1929 1624 2016 1699 soii-

503 1745 612 1837 dum,
642 1747 728 1822 duas
759 1747 901 1822 exhibet
930 1747 1109 1847 portiones
1134 1747 1401 1846 cotyledonibus
1421 1748 1663 1848 interpositas,
1691 1773 1769 1848 quae
1790 1767 1886 1848 purte
1914 1773 2016 1848 supe·

502 1872 595 1947 riore
620 1871 664 1945 ab
684 1871 749 1945 iilis
768 1872 1003 1971 obteguntur,
1022 1871 1188 1946 inferiore
1207 1889 1324 1946 autem
1345 1870 1419 1945 iiius
1437 1871 1621 1968 obtegunt.

553 1995 635 2069 Hoc
649 1995 745 2069 idem
759 1994 944 2068 ucheuium
956 2049 967 2083 ,
981 2019 1056 2093 ¹per
1072 1992 1215 2094 aliquod
1242 2001 1381 2091 tempus
1399 2011 1498 2065 terrae
1515 1993 1740 2066 commissum
1756 2048 1767 2083 ,
1792 1993 2017 2093 splendorem

502 2117 633 2193 amittit
666 2138 701 2192 et
731 2142 853 2216 parum
887 2136 1081 2191 tumescere
1112 2115 1264 2214 incipit,
1302 2140 1385 2215 ¹qua·
1402 2113 1505 2188 simui
1541 2113 1661 2213 anguli
1690 2115 1886 2190 obtusiones
1917 2119 2017 2190 iiunt.

501 2241 636 2342 Anguii
659 2242 744 2314 'mox
762 2238 891 2314 deinde
909 2240 1008 2340 apice
1034 2237 1231 2314 dehiscunt.
1261 2237 1366 2328 Jam,
1397 2235 1538 2310 simine
1556 2237 1729 2335 aperimus
1757 2237 2018 2338 pericarpium,

502 2363 732 2464 embryonem
749 2361 859 2462 magis
882 2364 1085 2452 evolutum,
1102 2361 1263 2438 albumen
1293 2381 1410 2436 eutem
1430 2360 1650 2435 ¹diminutum
1674 2379 1708 2434 et
1734 2360 1807 2436 iere
1837 2362 2015 2462 deliques-

501 2487 584 2565 cens
610 2486 819 2564 inrenimus.
850 2485 1110 2586 Cotyiedoues,
1137 2485 1203 2560 etsi
1226 2483 1339 2562 adhuc
1357 2485 1448 2561 circa
1466 2486 1549 2588 axin
1574 2483 1749 2559 obrniutae
1768 2503 1802 2559 et
1828 2485 2020 2587 condupli-

500 2631 615 2703 catae,
653 2611 754 2685 iobos
773 2629 892 2686 tamen
912 2611 1028 2684 minus
1066 2607 1247 2709 adpressos
1271 2609 1543 2708 insterstitiaque
1559 2609 1701 2710 'maiora
1729 2609 1905 2684 exhibent.
1944 2613 2020 2688 tta-

501 2736 640 2827 dicuin,
669 2734 850 2809 volumiu'e
866 2735 937 2830 jam
965 2751 1064 2832 aucta
1095 2757 1118 2806 e
1141 2731 1397 2831 cotyiedonum
1422 2733 1498 2808 basi
1528 2731 1745 2832 prospiciens
1765 2751 1798 2806 et
1817 2759 1880 2834 per
1907 2751 2022 2811 totum

499 2859 653 2936 stadium
676 2859 829 2957 primum
853 2858 878 2964 J(
892 2855 977 2930 dum
1005 2855 1238 2956 cotyledones
1255 2855 1293 2929 in
1312 2856 1509 2958 pericarpio
1540 2857 1749 2955 remanent)
1780 2863 1949 2933 continno
1968 2859 2022 2934 in·

502 2977 685 3070 crescens,
716 2983 766 3057 ita
783 2996 879 3054 testae
897 2998 1086 3079 rupturam
1115 2979 1240 3070 efficit,
1257 2978 1416 3078 protinus
1447 3005 1677 3081 prorumpens
1702 2985 1870 3083 terraequ'e
1888 3009 1925 3057 se
1952 2983 2019 3057 im·-

501 3109 657 3182 mittens.
691 3105 845 3180 Simuiac
872 3103 1003 3178 deinrie
1018 3104 1213 3204 elongatur
1237 3102 1413 3192 radicula,
1441 3104 1685 3204 pericarpium,
1699 3105 1859 3204 (saepius
1877 3105 1921 3183 ad
1938 3107 2020 3207 piu-

502 3229 596 3304 rium
627 3229 795 3328 pollicum
819 3226 1071 3322 altitudinem)
1102 3207 1204 3326 supra
1238 3244 1363 3303 terram
1394 3227 1510 3301 evehit
1552 3231 1621 3325 (4).
1657 3229 1920 3328 Cotyie‘dones,
1951 3231 2022 3307 hoc

502 3334 620 3428 stadio
639 3331 761 3453 pirum
783 3369 918 3441 auctae,
940 3346 1119 3426 albumiue'
1134 3365 1341 3438 consumto,
1362 3349 1503 3425 tandem
1529 3359 1652 3427 &testa
1672 3353 1864 3450 prodeunt,
1878 3377 2020 3454 semper

504 3475 793 3554 arihucinvicem·
812 3475 1087 3550 circumroiutoe.
1118 3470 1378 3573 Pericarpium,
1408 3498 1584 3573 nunquam
1611 3473 1699 3549 uitra
1722 3460 2021 3552 medium·deiiis·

508 3621 615 3690 cens,
644 3625 707 3699 per
735 3597 867 3700 niiquot
894 3581 968 3673 dies
1009 3595 1244 3699 (pierumque
1275 3601 1376 3691 6-8)
1413 3597 1683 3696 cotyledonibus
1717 3595 1833 3674 adhuc
1865 3597 2015 3694 iusidei,

505 3723 669 3814 undem,
686 3741 816 3823 praeter
829 3720 1017 3796 albuminis
1045 3719 1190 3796 exuvias
1208 3719 1295 3795 nihii
1330 3722 1400 3820 jam
1419 3721 1631 3812 continens,
1656 3722 1833 3797 dilabitur.

514 3867 531 3882 ··
553 3847 709 3922 Demnm
726 3843 902 3945 mantula,
934 3845 966 3918 si
982 3859 1111 3918 nutans
1126 3827 1231 3922 ruent
1248 3841 1442 3943 ,'erigititr,
1472 3843 1702 3944 co'tyiedoues
1725 3846 1827 3953 citius
1855 3844 2020 3922 avolana:

506 3989 586 4061 tur,
610 3969 728 4044 earum
745 3967 851 4067 ptieae
876 3968 1008 4044 sensim
1029 3966 1277 4068 expanduntur
1293 3967 1445 4067 ipsaeque
1463 3951 1625 4066 petiolis*
1645 3970 1717 4067 jum
1746 3971 2021 4048 accrescentibus

504 4095 549 4172 ab
575 4077 730 4172 invicem
752 4105 977 4172 remorentur
993 4073 1068 4190 (5)a
1094 4091 1360 4170 euacrastoc‘
1374 4091 1491 4171 stadio
1507 4069 1738 4191 cutyiedines
1759 4093 1897 4194 plana,
1927 4093 2019 4174 huri·

554 4343 605 4424 (ι)
626 4340 707 4404 Tab.
727 4339 920 4424 1v,tt.fig.
943 4343 993 4407 ιθ.

554 4451 606 4531 (n)
629 4447 709 4512 tttd.
728 4448 779 4530 fig.
799 4469 851 4512 nr.

553 4561 604 4639 (5)
625 4556 705 4618 ibid.
722 4555 773 4638 fig.
796 4573 848 4639 17:

557 4669 607 4745 (4)
630 4666 694 4728 Cir.
712 4663 797 4726 Tat.
815 4664 852 4740 1,
869 4661 919 4747 fig·
938 4661 972 4730 5.

557 4769 609 4852 (5)
630 4769 710 4837 itta.
727 4770 779 4855 fig.
799 4793 848 4836 tr.
