4722 6076
993 580 1011 676 (
1060 577 1108 655 25
1157 583 1173 664 l

333 733 450 838 primo
476 733 602 805 intuitu
627 725 813 819 simillimi,
834 727 884 802 nil
902 729 1096 802 communis
1114 731 1194 801 c'um
1212 725 1335 798 horum
1354 721 1482 798 lubrica
1494 719 1635 796 babent.
1653 721 1729 796 ata
1747 721 1842 799 eninr

335 883 408 932 uon
427 855 572 955 sepalis,
589 853 650 927 sed
667 853 774 952 ipsius
792 852 977 956 pericarpii
994 850 1150 952 triquetri
1173 847 1306 948 angulis
1331 846 1491 922 carinatis
1514 845 1728 931 formentum
1745 844 1843 944 peri-

334 980 481 1081 goninm
499 979 717 1052 immutatum
730 976 989 1076 marcidumque
998 971 1042 1047 ad
1051 971 1148 1048 basin
1163 969 1300 1047 achenii
1316 969 1401 1044 nudi
1415 987 1582 1045 remanet.
1597 967 1674 1062 (Cf.
1688 968 1779 1040 Tab.
1793 968 1859 1084 ΙΙ..

334 1103 711 1201 l).lig.8e19.a.a).

385 1227 427 1296 ln
446 1225 607 1298 omnibus
637 1225 900 1324 Polygonorum
928 1220 1132 1325 speciebuS,
1153 1245 1296 1320 quarum
1324 1217 1506 1295 achenium
1525 1244 1543 1292 a
1560 1217 1679 1317 calyce
1695 1217 1840 1292 omnino
1895 1309 1902 1316 .

331 1347 586 1434 absconditur,
605 1347 663 1420 lric
682 1347 815 1420 illitam
834 1366 925 1420 arcte
940 1346 1104 1446 adpessus
1118 1351 1183 1436 est,
1199 1365 1239 1418 ut
1255 1344 1400 1416 omnino
1419 1345 1493 1440 ejus
1512 1339 1657 1419 formam
1671 1342 1839 1444 accipiat;

331 1471 372 1545 in
400 1473 439 1544 Ρ.
465 1471 677 1559 Persicaria,
707 1486 775 1542 etc.
802 1468 906 1568 igitur
922 1493 1160 1570 compressus,
1190 1469 1225 1541 in
1251 1470 1293 1541 P.
1315 1467 1561 1557 Contolvulo,'
1581 1467 1755 1556 aviculari,
1773 1487 1842 1541 etc.

330 1594 492 1693 trigonus
515 1591 663 1666 videtur.
687 1593 726 1663 ln
750 1593 790 1664 Ρ.
811 1591 1030 1668 Convolvulo
1048 1592 1162 1692 sepala
1176 1589 1286 1664 forma
1304 1590 1394 1664 iuter
1415 1614 1451 1663 se
1473 1589 1654 1678 differunt,
1671 1591 1840 1666 exteriora

328 1717 400 1791 tria
424 1716 522 1806 (tab.
540 1715 601 1787 lV.
621 1716 662 1787 P.
676 1716 732 1814 fig.
752 1711 785 1787 a.
803 1742 830 1790 a.
852 1739 886 1787 a.
904 1732 939 1787 et
955 1717 1014 1814 fig.
1030 1719 1066 1791 6.
1081 1719 1097 1807 )
1112 1733 1193 1788 sunt
1211 1737 1384 1797 concava,
1418 1713 1489 1787 duo
1507 1713 1671 1790 interiora
1696 1733 1836 1800 autem,

334 1840 455 1940 plana,
474 1839 534 1910 ubi
555 1861 635 1909 cum
649 1836 788 1935 reliquis
802 1836 1020 1928 coalescunt
1039 1835 1196 1911 lobulttm
1209 1836 1397 1910 rotundum
1418 1835 1583 1912 formant.
1603 1838 1684 1927 (Cf.
1699 1839 1767 1912 tab.
1787 1842 1837 1910 lv

327 1961 375 2036 P.
390 1965 450 2060 lag.
466 1967 585 2048 2et4.
599 1960 633 2030 b.
644 1959 700 2053 b)
718 1958 842 2033 Talem
868 1983 1006 2059 quoque
1034 1959 1230 2033 lobulum
1219 1986 1256 2032 m
1278 1960 1434 2059 margine
1459 1959 1552 2035 tertii
1574 1962 1697 2061 sepali,
1715 1963 1775 2062 qui
1797 1963 1840 2039 ab
1905 2007 1909 2014 ·

326 2084 504 2160 exteriore
522 2080 841 2181 obtegitur,invent
832 2081 943 2180 '.(Cl
955 2083 1024 2157 tab.
1040 2085 1103 2155 lV.
1117 2086 1158 2157 P.
1173 2087 1229 2184 fig.
1243 2075 1295 2180 5)

217 2211 224 2222 ’
384 2207 523 2306 Calycis
540 2219 679 2278 tectura
681 2205 900 2305 plerumque
919 2225 970 2280 est
988 2207 1203 2304 petuloidea‚
1222 2226 1360 2296 tenera,
1382 2206 1457 2282 basi
1480 2207 1654 2283 interdum
1676 2213 1841 2291 crassiore

324 2350 367 2409 et
382 2357 474 2430 saepe
491 2330 693 2402 virescente.
710 2330 830 2420 Nervi,
848 2330 878 2403 si
895 2329 955 2402 ulli
973 2348 1149 2431 apparent,
1169 2327 1204 2402 in
1223 2331 1378 2430 quolibet
1396 2331 1514 2430 sepalo
1532 2335 1599 2408 3·5
1617 2333 1843 2413 observantur

328 2453 491 2556 paralleli
512 2471 568 2526 aut
587 2457 647 2547 (et
664 2452 843 2552 praecipue
864 2439 1024 2549 medius)
1049 2453 1221 2554 pinnarim
1247 2453 1372 2528 ramosi
1399 2458 1463 2548 (v.
1486 2479 1520 2556 g.
1537 2456 1572 2529 io
1599 2459 1638 2530 P.
1655 2460 1839 2552 aviculari,

330 2578 483 2678 Alpino,
506 2575 662 2676 viviparo
678 2575 899 2660 acuminato,
915 2576 1003 2666 acri,
1024 2577 1344 2677 Virginiano,-etc.)
1362 2579 1403 2650 ln
1422 2578 1607 2680 Polygono
1621 2583 1842 2661 Convolvulo

328 2701 481 2810 aliisque
509 2725 632 2774 nervos
653 2724 699 2771 ue
721 2697 864 2800 quidem
880 2699 981 2772 lentis
1003 2698 1158 2774 fortioris
1179 2726 1247 2800 ope
1265 2702 1466 2801 conspicere
1485 2704 1596 2806 potui.
1610 2708 1650 2777 ln
1669 2708 1707 2780 P
1726 2709 1845 2814 Pago-

219 2863 222 2870 ·
325 2849 428 2926 pyro
449 2843 489 2898 et
509 2823 661 2897 Ristorta
686 2821 842 2896 medium
863 2841 998 2896 tantum
1020 2823 1103 2898 ridi.
1128 2827 1169 2896 ln
1192 2819 1347 2924 pluribus
1367 2825 1548 2925 speciebus
1569 2837 1631 2923 (v.
1622 2857 1683 2932 .g
1706 2835 1747 2907 P.
1764 2837 1846 2936 lly-

326 2947 546 3048 dropipere‚
563 2928 799 3046 pubescente,
817 2964 882 3020 etc
897 2963 913 3040 >
931 2948 1125 3047 sepalorum
1140 2948 1373 3048 perenchyma
1390 2951 1528 3050 punctis
1546 2952 1746 3050 pellucidis,
1761 2959 1846 3034 albis

293 3081 297 3086 '
329 3071 395 3150 vel
421 3068 720 3160 liuticensibus,
710 3094 820 3143 ammo
844 3071 1067 3146 aurantiacis
1063 3071 1291 3147 fenestratum
1313 3092 1375 3146 est.
1392 3075 1491 3148 tna.
1508 3075 1726 3152 Convolrulo
1743 3104 1848 3180 sepn-

329 3197 453 3274 ·lo'rum
471 3193 647 3294 'glandulae
669 3212 741 3269 tam
759 3193 914 3269 conferta
932 3213 1036 3284 suut,
1053 3214 1090 3268 ut
1107 3195 1222 3298 sepala
1238 3213 1311 3270 tota
1330 3215 1457 3307 quauta
1482 3224 1502 3274 e
1520 3199 1624 3300 plexu
1641 3202 1846 3302 glanduloso

332 3338 497 3394 constare
510 3316 703 3393 videantur.

360 3441 527 3542 'Calycis
545 3441 643 3514 color
665 3467 759 3514 nuuc
781 3441 876 3516 albus
890 3498 901 3533 ,
917 3443 1031 3518 virens
1054 3470 1089 3519 v.
1119 3439 1307 3536 flavienus,
1329 3471 1423 3521 nunc
1446 3447 1661 3542 incarnatus,
1679 3475 1846 3546 carneus,

334 3589 459 3642 roseus
478 3584 511 3639 et
530 3589 720 3664 purpureus
747 3585 808 3638 est.
827 3568 867 3638 In
884 3565 1039 3665 pluribus
1055 3569 1236 3667 speciebus
1252 3589 1333 3668 post
1349 3571 1509 3647 antbesin
1535 3595 1708 3666 mutatum
1739 3578 1776 3652 in
1805 3582 1848 3654 P.

337 3687 504 3765 aviculari
520 3713 780 3786 nonuunquam,
791 3687 878 3762 inr.
891 3689 1023 3786 Alpino
1040 3713 1176 3790 semper
1192 3693 1319 3766 sensim
1336 3693 1533 3797 sensimque
1546 3697 1583 3771 in
1598 3699 1750 3776 colorem
1768 3730 1849 3802 pur·

337 3836 488 3914 pureum
506 3811 680 3884 abientem
697 3809 782 3884 vidi.
804 3799 1038 3928 Saepissime
1028 3834 1121 3888 sutus
1137 3815 1234 3926 sibus
1251 3835 1327 3908 est,
1344 3836 1443 3892 extus
1458 3817 1663 3912 lividus,
1629 3849 1848 3904 virescensv.

339 3936 539 4010 rubescens.
564 3921 978 4036 {remuneramus
997 3938 1155 4037 margine
1177 3937 1281 4086 aba,
1282 3923 1404 4018 medio
1429 3942 1555 4022 viridia
1571 3949 1849 4051 suntnervisque

338 4057 571 4142 albianotata·

940 4311 943 4319 ’
967 4311 1013 4384 11.
1034 4309 1203 4391 Stamina.

392 4555 549 4630 Stamina
568 4553 855 4657 Polygoneartnn
872 4555 1028 4629 omnium
1054 4555 1184 4648 libera,
1204 4561 1396 4662 petigyna,
1420 4565 1571 4644 autlteris
1588 4569 1842 4660 terminalibus,

342 4678 606 4769 bilocularibus‚
629 4679 812 4754 lateraliter
833 4678 1089 4754 dehiscentibus
1120 4682 1309 4774 instructa,
1338 4685 1393 4760 six
1421 4687 1520 4763 aliam
1548 4693 1781 4772 differentiam
1808 4697 1846 4770 iu

344 4802 446 4879 ratiis
478 4801 662 4903 generibus
696 4801 906 4890 ostendunt,
944 4829 1049 4904 quam
1071 4802 1327 4904 magnitudinis
1361 4827 1396 4882 et
1429 4811 1555 4905 modi,
1592 4842 1663 4917 quo
1695 4817 1847 4896 antherae

1622 5013 1641 5072 7
