4722 6076
980 602 1157 698 (35)

298 757 485 860 carpium)
503 755 666 834 laminam
691 751 794 828 refert
818 768 979 841 tenuem,
1011 749 1292 850 cartilagineom,
1318 749 1516 840 elasticam,
1541 749 1683 828 densam
1713 771 1814 828 tana·

298 905 464 984 comque,
481 907 502 954 a
518 878 735 978 sarcocarpio
752 875 892 970 nonnisi
911 873 1029 948 colore
1048 873 1231 974 pallidiore
1252 873 1551 974 distinguendam,
1569 875 1658 950 socie
1675 877 1811 950 interna

297 1005 377 1080 lavi
411 1030 450 1080 ac
476 1004 585 1078 nitida
616 1001 798 1079 cavitatem
825 997 962 1072 acbenii
995 997 1212 1072 vestientem.
1246 999 1332 1088 Qum
1358 997 1485 1072 lomina
1519 997 1640 1074 intima
1666 1000 1703 1074 in
1734 999 1809 1074 basi

298 1127 433 1202 achenii
458 1127 564 1202 lineas
589 1145 656 1200 tres
675 1121 830 1198 ostendit
853 1147 972 1221 parum
993 1122 1171 1211 elevatas,
1198 1148 1239 1196 ex
1259 1121 1392 1223 angulis
1408 1123 1446 1194 in
1460 1105 1609 1198 areolam
1628 1123 1803 1222 parvulam

299 1250 507 1340 centralem,
534 1247 788 1324 teretiusculom
815 1246 836 1318 Ι.
863 1245 1195 1344 sub-triangularem
1223 1248 1460 1335 confluentes,
1481 1269 1562 1346 quae
1588 1246 1721 1335 areola,
1748 1245 1809 1320 fu-

300 1372 419 1448 niculo
445 1371 633 1446 umbilicali
654 1390 825 1470 punctum
853 1368 1050 1444 insertionis
1077 1371 1259 1468 praebens,
1283 1396 1347 1468 pro
1373 1370 1530 1468 placenta
1548 1368 1667 1444 baberi
1683 1388 1811 1467 potest.

298 1494 371 1570 Sed
388 1495 580 1570 funiculum
609 1520 681 1567 non
706 1493 771 1593 ipsi
797 1494 899 1592 hujus
932 1493 1055 1568 areolae
1079 1511 1223 1584 centro,
1254 1491 1318 1568 sed
1345 1492 1500 1590 ejusdem
1528 1492 1656 1591 angulo
1677 1491 1814 1568 cuidam

300 1619 436 1694 affixum
472 1618 690 1707 invenimus,
723 1644 792 1717 qno
835 1617 1068 1716 pbaenomeno
1105 1617 1306 1714 conjectura
1337 1635 1477 1706 nostra,
1512 1615 1641 1716 reliqua
1685 1617 1812 1700 ovalo,

298 1767 376 1843 quae
402 1741 534 1816 ratione
559 1741 697 1815 numeri
725 1740 955 1840 carpellorum
991 1757 1203 1838 poscuntur,
1235 1741 1355 1816 abortu
1387 1739 1553 1839 periisse,
1575 1739 1647 1812 veri
1669 1738 1815 1813 similior
1861 1733 1870 1748 ⁸

298 1855 413 1940 adhuc
439 1868 489 1938 fit.
522 1867 706 1956 Attamen,
740 1863 897 1963 quamvis
924 1861 1071 1940 sebenia
1097 1881 1179 1950 tam¹
1201 1887 1397 1961 compressa
1428 1887 1529 1962 quam
1562 1863 1749 1962 triquetra,
1776 1880 1814 1937 ut

298 1988 444 2088 vestigia
469 1988 651 2062 oculorum
669 1985 902 2062 abortivorum
927 1983 1245 2085 deprehenderem,
1263 1985 1424 2058 omnibus
1442 1984 1523 2058 vitae
1549 1983 1669 2058 stadiis
1694 1983 1815 2058 sedulo

195 2115 198 2124 '
299 2110 596 2196 nominaverim,
626 2136 803 2210 nunquam
829 2109 916 2187 mibi
942 2109 1116 2208 contigit,
1136 2109 1236 2184 ovula
1259 2108 1356 2208 plura
1383 2127 1440 2182 aut
1461 2110 1580 2184 saltem
1609 2133 1728 2181 eorum
1755 2133 1816 2180 rvr·

298 2233 454 2310 dimenta
479 2235 640 2334 reperire.
669 2233 942 2308 Observationes
975 2259 1117 2334 quoque
1152 2231 1189 2304 in
1225 2231 1271 2302 Ρ.
1306 2231 1518 2330 Vr'rgr'niono
1553 2230 1743 2322 institutae,
1779 2233 1815 2316 in

301 2381 395 2456 quo,
423 2357 589 2430 suadente
616 2356 845 2430 illustrissimo
869 2356 921 2426 Da
948 2355 1138 2445 Condollc,
1162 2375 1240 2430 ante
1271 2353 1398 2430 florum
1416 2353 1650 2430 evolutionem
1681 2355 1716 2426 in
1744 2351 1819 2428 basi

299 2479 405 2555 caulis
422 2479 607 2556 incisuram
624 2479 823 2554 annularem
840 2477 922 2568 leci,
939 2505 1039 2577 nque
1057 2479 1257 2553 frustrancae
1275 2478 1373 2565 fuere
1387 2480 1455 2572 (ι).
1822 2457 1825 2464 ¹

325 2690 326 2696 η
346 2601 502 2676 Ovulum
521 2601 556 2674 in
576 2599 729 2676 a'cheniis
747 2600 1028 2699 Polygonorum,
1046 2627 1125 2702 quae
1143 2602 1220 2675 viva
1240 2603 1421 2678 observare
1437 2601 1550 2700 potui,
1564 2599 1721 2672 omnium
1738 2617 1818 2674 onte

304 2724 614 2799 foecundationem
632 2742 666 2810 et
684 2722 797 2821 primo
816 2721 928 2820 stadio
948 2742 1027 2820 post
1048 2749 1124 2798 eam
1144 2723 1278 2822 duplici
1294 2723 1494 2818 modobnsi
1511 2725 1643 2813 scilicet
1656 2742 1688 2798 et
1707 2722 1818 2822 apice,

301 2850 439 2926 affixum
465 2846 592 2922 inveni.
614 2846 751 2944 Apice,
781 2845 874 2918 enim
901 2845 1056 2919 laniculo
1085 2845 1184 2929 brevi
1215 2846 1376 2941 (vasibus
1405 2869 1523 2920 auram
1550 2845 1820 2921 foecundantem

300 2971 534 3062 vehentibus)
553 2995 632 3042 cum
649 2968 817 3065 stylorum
834 2969 926 3058 basi,
950 2969 1075 3067 quibus
1093 2993 1186 3062 nean
1206 2968 1375 3046 continuo
1392 2967 1557 3057 adbaeret,
1576 2969 1820 3044 communicat.

300 3095 382 3170 Basi
398 3119 481 3170 vero
499 3093 645 3167 funiculi
663 3091 869 3166 umbilicalis
888 3119 979 3190 opta,
1007 3093 1045 3164 in
1066 3117 1169 3192 quem
1188 3091 1328 3184 ovulum
1351 3091 1527 3192 paullatim
1545 3091 1647 3166 abire.
1658 3091 1819 3192 videtur,

290 3216 413 3321 'fundo
432 3217 569 3292 acbenii
592 3216 761 3292 inseritur.
782 3218 838 3313 (a)
868 3218 1042 3303 Punctum
1062 3216 1194 3314 igitur,
1211 3242 1280 3316 quo
1299 3225 1386 3306 ‚vas'o
1413 3215 1661 3291 descendentia
1687 3238 1715 3288 s.
1745 3215 1821 3314 pis·

290 3341 424 3438 ⁸tillaria
449 3367 589 3430 semen,
609 3359 648 3414 ut
676 3339 835 3429 videtur,
858 3337 1088 3436 immediatim
1108 3338 1301 3438 attingunt,
1323 3338 1723 3444 rodicolaeprorimum,
1747 3337 1820 3412 hilo

303 3481 417 3540 autem
432 3462 572 3562 seminis
593 3462 716 3561 (quod
736 3463 892 3536 funiculo
919 3460 1109 3560 umbilicali
1125 3461 1348 3560 oppositum)
1374 3481 1447 3536 toto
1465 3462 1596 3536 semine
1614 3461 1820 3561 interposito

301 3585 483 3686 oppositus
501 3604 563 3660 est.
581 3585 853 3683 Ovulum,lcorn
880 3585 1054 3662 funiculus
1081 3585 1154 3682 ejus
1181 3585 1336 3685 superior
1360 3585 1524 3673 inferiore
1549 3586 1658 3662 multo
1681 3585 1819 3660 brevior

295 3708 372 3810 psit,
392 3709 484 3810 apici
502 3707 639 3784 achenii
667 3735 806 3809 semper
830 3712 973 3808 propius
1002 3726 1052 3782 est
1073 3733 1175 3807 quam
1197 3706 1333 3785 stmdor
1362 3734 1448 3808 apex
1477 3709 1571 3782 enim
1601 3733 1643 3782 eo
1671 3709 1819 3808 plerum·

345 3993 394 4068 (r)
421 3989 470 4051 lll.
501 3991 550 4050 Dc
576 3991 726 4051 Candolle
745 3990 844 4052 eodem
865 3993 1063 4075 experimento
1083 3989 1120 4050 ab
1136 3993 1267 4052 Aescula
1281 3992 1509 4074 Hippocostono
1520 3989 1666 4066 obtinuit,
1685 4005 1716 4052 ut
1737 3989 1820 4052 avola

297 4083 376 4174 sax,
410 4118 536 4178 quorum
555 4095 612 4158 duo
637 4111 684 4158 aut
701 4099 783 4180 plura
802 4079 931 4160 abnitiva
951 4119 1013 4160 csse
1032 4098 1145 4174 solent,
1164 4099 1211 4160 vel
1230 4100 1325 4160 omnia
1347 4099 1392 4159 vel
1408 4101 1508 4160 saltem
1526 4099 1614 4160 solito
1628 4101 1709 4181 plura
1725 4114 1820 4160 motu-

249 4249 254 4260 .
303 4221 459 4296 reuerent,
488 4206 561 4268 Cum
580 4205 669 4266 sectio
688 4205 834 4266 annularis
855 4205 971 4266 nonnisi
1006 4211 1035 4268 in
1064 4205 1214 4292 speciebus
1246 4205 1465 4268 lrutesccntibns
1491 4209 1601 4270 institui
1628 4211 1745 4291 possit,
1779 4208 1821 4270 ha

299 4293 399 4400 ¹autern
423 4309 452 4372 iu
476 4313 632 4395 Polygonis
651 4313 774 4373 rariores
800 4313 883 4388 sint,
913 4315 966 4376 boc
989 4317 1215 4399 experimentum
1233 4316 1263 4373 in
1288 4313 1417 4396 pluribus
1435 4315 1605 4398 repentendi
1624 4318 1823 4400 opportunitas

303 4416 373 4480 milri
392 4417 513 4496 deluit,
545 4439 630 4498 quare
657 4420 729 4483 alios
755 4419 957 4486 observatores
975 4421 1132 4486 botaoieos
1150 4437 1265 4504 rogatos
1284 4419 1390 4482 habere
1410 4424 1518 4498 velim,
1546 4435 1577 4484 nt
1602 4425 1727 4498 saciant,
1746 4421 1821 4502 quod

295 4528 375 4592 ⁸mibi
394 4549 452 4589 non
470 4529 563 4588 licuit·

346 4643 393 4716 (a)
409 4635 456 4696 ct.
473 4632 702 4696 Observationes
720 4633 774 4696 buc
792 4629 954 4717 spectanies
973 4637 1003 4698 in
1029 4637 1187 4721 Polygonis
1206 4639 1327 4719 aliisque
1343 4625 1669 4722 plantarum‘orclinibus
1681 4639 1824 4702 inrorans

305 4765 323 4806 a
342 4745 381 4805 cl.
393 4743 478 4819 Aug.
494 4743 533 4801 de
545 4743 731 4803 Sthilor're
747 4743 777 4802 in
790 4742 850 4823 ejus
866 4745 1008 4806 Mimoirc
1027 4767 1077 4808 sur
1094 4747 1137 4805 les
1153 4747 1264 4829 plantes
1276 4747 1443 4827 ausquelles
1455 4767 1491 4806 on
1502 4723 1624 4806 attribue
1637 4768 1674 4806 un
1689 4749 1818 4828 placenta

308 4851 417 4916 annual
437 4847 531 4928 ubre,
556 4864 611 4912 etc.
628 4851 661 4912 in
675 4849 783 4914 ¹lnnal.
805 4851 844 4914 du
862 4853 943 4916 Mus.
967 4855 1065 4930 roas,
1084 4875 1117 4938 p.
1132 4859 1203 4939 267.
1221 4875 1265 4934 sq.
1331 4841 1338 4850 ’
