4722 6076
934 625 1163 744 ,(37)

321 801 354 854 v.
384 776 620 864 cinerescens‚
651 775 811 848 occurrit.
841 774 1073 848 Farr'rroceurrz
1101 771 1215 870 primo
1240 788 1319 871 post
1344 767 1649 844 foecundationem
1670 787 1827 869 tempore
1944 823 1949 834 ·

320 900 466 974 fluidum
497 899 644 973 lacteum
670 898 795 987 refert,
826 922 1011 970 carnosum
1041 897 1087 982 ab
1118 895 1218 968 initio
1248 893 1399 966 solidum
1430 913 1492 966 est.
1523 895 1591 966 Pro
1626 893 1826 992 embryonis

319 1023 430 1096 forma
448 1041 482 1096 et
499 1021 672 1120 positione
690 1021 819 1096 variam
844 1045 983 1120 qnoque
1009 1017 1150 1091 exbibet
1171 1017 1330 1090 sormam.
1356 1019 1511 1116 Excepta
1536 1016 1690 1090 sectione
1707 1019 1827 1116 Fago·

319 1171 408 1244 pyro
426 1163 460 1216 et
483 1143 688 1242 quibusdam
706 1142 780 1218 aliis
798 1141 996 1242 speciebus,
1020 1140 1192 1240 integrum
1213 1164 1362 1238 semper,
1383 1140 1405 1212 Ι.
1425 1139 1614 1213 indivisum
1640 1158 1674 1212 et
1699 1137 1824 1212 semini

320 1270 499 1343 conforme
522 1287 596 1356 est,
623 1267 718 1368 quod
744 1293 825 1340 mort
849 1291 890 1340 ex
921 1263 1121 1362 embryonis
1140 1262 1374 1361 descriptione
1391 1263 1496 1336 satius
1514 1262 1675 1336 elucebit.
1694 1263 1733 1334 Si
1760 1286 1823 1334 co-

317 1391 500 1488 tyledones
529 1391 773 1495 accnrpbentes
799 1407 834 1464 et
851 1389 988 1462 latiores
1005 1404 1161 1472 exstant,
1179 1385 1339 1460 albtrrnen
1356 1385 1453 1458 sulco
1476 1411 1539 1484 pro
1557 1385 1599 1458 iis
1616 1382 1825 1482 recipiendis

318 1533 513 1600 exaratum,
544 1532 602 1585 aut
633 1510 756 1610 (quod
781 1513 816 1584 in
842 1507 886 1581 P.
904 1510 1038 1614 Alpino
1057 1507 1208 1597 accidit,
1235 1508 1333 1604 cujus
1359 1508 1586 1608 cotyledones
1617 1507 1825 1582 diametrum

316 1619 458 1712 seminis
472 1643 637 1733 aequant)
658 1633 958 1734 acotyledonibus
971 1633 1006 1706 in
1025 1631 1110 1706 duas
1129 1649 1241 1730 partes
1259 1631 1410 1732 aequales
1424 1631 1625 1718 dissectum,
1640 1629 1824 1702 invenitur.

317 1757 399 1854 (Cf.
417 1758 568 1832 tab..lll.
586 1759 633 1832 G.
651 1762 709 1860 fig.
728 1787 768 1828 rr
789 1777 823 1832 et
846 1765 917 1853 12.)
936 1756 1035 1830 Idem
1048 1781 1186 1856 quoque
1203 1754 1237 1828 in
1253 1755 1446 1854 Fagopyris
1461 1754 1634 1828 invenitur
1651 1753 1731 1842 ,ubi
1745 1779 1823 1826 em-

315 1881 459 1979 bryonis
472 1882 569 1956 anilis
587 1882 814 1984 cotyledones
832 1881 1134 1981 contorsuplicatae
1148 1897 1244 1978 parte
1260 1878 1436 1978 superiore
1450 1879 1611 1952 albumen
1632 1878 1824 1966 involvunt,

315 2003 480 2078 inleriore
507 2007 550 2078 ab
573 2032 615 2080 eo
635 2025 805 2106 teguntur.
823 2009 863 2080 In
881 2004 1070 2080 seminibus
1089 2027 1185 2092 vero,
1199 2025 1346 2102 qnorum
1364 2000 1591 2100 cotyledones
1609 1999 1712 2074 altera
1726 1999 1823 2073 alteri

315 2125 556 2202 incumbentes
579 2129 674 2226 juxta
697 2129 861 2227 angulum
887 2127 1028 2202 seminis
1052 2127 1179 2228 positae
1201 2143 1305 2214 sunt,
1329 2124 1493 2198 albumen
1517 2124 1650 2214 sulcum
1674 2123 1823 2210 nullom,

314 2247 377 2322 sed
403 2250 567 2350 angulum
591 2253 698 2325 modo
717 2253 832 2352 paullo
850 2250 1060 2351 depressum
1078 2248 1242 2324 ostendit.

365 2373 523 2470 Embryo
552 2359 691 2449 tandem
717 2375 892 2474 positione
916 2399 956 2448 ac
980 2373 1091 2448 forma
1119 2370 1245 2471 triplici
1268 2369 1376 2444 modo
1401 2369 1520 2445 uariat.
1538 2368 1662 2441 Axr'lr's
1692 2369 1725 2442 in
1751 2369 1822 2442 sola

314 2493 503 2592 Fogopyrr‘
517 2497 671 2570 sectione
698 2496 888 2584 invenitur,
912 2497 948 2568 iu
974 2495 1112 2595 reliquis
1131 2519 1267 2594 semper
1283 2492 1505 2565 unr'loterulis
1527 2491 1654 2590 angulo
1686 2491 1824 2568 cttidam

315 2614 499 2689 albuminis
530 2618 710 2694 incumbit.
733 2618 912 2690 Radr'crrlo
937 2620 972 2691 in
996 2637 1069 2691 toto
1084 2618 1365 2717 Polygonearnm
1396 2614 1521 2687 ordine
1547 2613 1823 2690 constantissime

292 2739 450 2834 supera,
481 2740 707 2838 cotyledones
722 2767 815 2814 nunc
839 2739 1189 2814 accumbentesnunc
1220 2739 1471 2811 incumbentes.
1496 2739 1536 2807 ln
1554 2735 1822 2836 Rbersembryo

315 2859 497 2935 snb-anilis
515 2881 585 2951 est,
606 2863 874 2959 cotyledonibns
902 2863 1010 2959 planis
1033 2883 1068 2934 et
1089 2860 1261 2944 totiaceis,
1291 2861 1334 2934 ab
1348 2859 1523 2933 albumine
1537 2860 1683 2934 ornnino
1699 2883 1821 2934 recon-

317 2981 418 3074 ditis,
433 2983 494 3058 sed
512 2983 610 3058 alteri
635 2983 775 3058 seminis
794 2984 890 3058 lateri
918 2982 1165 3082 approximatis
1182 3002 1216 3057 et
1235 3009 1315 3056 cum
1334 3008 1376 3056 eo
1392 2982 1590 3080 parallelis(
1615 2985 1644 3078 ).

878 3233 909 3278 ι.
946 3203 1107 3306 Embryo
1134 3207 1257 3279 axr'lis.

364 3425 511 3524 (Sestio
534 3425 977 3528 Fugopyrum.)·Radicnla
994 3452 1126 3529 supera,
1142 3427 1322 3504 dimidiam
1337 3431 1392 3504 rix
1408 3429 1663 3530 longitudinem
1680 3435 1821 3511 seminis

315 3574 465 3648 aequans,
478 3548 619 3623 seminis
632 3549 769 3650 apicem
783 3551 944 3640 efficiens,
958 3550 1223 3652 cotyledonibus
1235 3539 1397 3626 involuta.
1406 3552 1643 3649 Cotyledones
1654 3553 1822 3646 soliaceae,

313 3672 451 3752 latiores
464 3673 701 3772 quamlongae,
715 3673 882 3760 cordatos,
892 3676 994 3750 latere
1008 3675 1116 3749 altero
1126 3675 1235 3748 multo
1245 3673 1365 3749 latiore
1381 3674 1523 3768 (cfnab.
1537 3678 1600 3749 lv.
1620 3679 1663 3748 ll.
1674 3677 1735 3777 fig.
1755 3704 1821 3745 aa·

314 3801 403 3888 24),
415 3814 511 3894 parte
521 3795 655 3869 minore
665 3794 803 3871 alterins
814 3797 1032 3898 cotyledonis
1047 3799 1136 3899 parti
1154 3798 1275 3897 majori
1294 3797 1474 3896 applicata,
1494 3799 1657 3874 inroltrtae
1676 3821 1709 3873 et
1730 3793 1840 3874 circa'

314 3918 396 3993 axin
409 3936 577 3992 contortae
593 3918 662 4008 (cl.
676 3919 761 3994 ibid.
775 3923 834 4021 fig.
853 3927 915 4014 16,
926 3947 965 4018 17
983 3941 1017 3995 et
1031 3925 1120 4018 nu),
1133 3921 1344 4020 superiorem
1358 3890 1542 3994 iilbuminis
1561 3943 1693 4023 partem
1709 3919 1820 3996 invol-

312 4059 431 4114 ventes
444 4039 506 4130 (cl.
527 4040 610 4114 ibid.
625 4044 684 4142 fig.
706 4051 747 4134 14
759 4063 793 4117 et
810 4049 927 4121 18-20.
939 4046 1009 4142 ln),
1024 4046 1066 4119 ab
1077 4043 1239 4118 inferiore
1251 4045 1334 4143 ipsae
1348 4045 1631 4140 iuvoltrtae·(ibid.
1646 4049 1709 4138 c.),
1727 4045 1819 4121 unde

312 4164 348 4236 iu
364 4163 515 4260 qttalibet
525 4163 666 4238 seminis
680 4165 768 4241 facie
781 4167 870 4243 linea
882 4169 1021 4269 obliqua
1035 4192 1062 4241 s.
1084 4167 1182 4240 tineae
1195 4166 1276 4240 duae
1291 4167 1325 4239 iu
1341 4165 1504 4266 angulum
1519 4171 1733 4243 confluentes
1747 4195 1820 4244 cer·
1922 4245 1930 4260 ,

313 4273 842 4390 nuntur,qnibuscotyledonum
856 4316 986 4390 margo,
998 4315 1177 4391 quousque
1195 4290 1237 4364 ab
1251 4289 1425 4364 albumine
1446 4292 1582 4390 tegitur,
1600 4291 1819 4392 designatur,

313 4409 418 4506 (ibid.
430 4409 498 4510 d.].
509 4410 745 4510 Cotyledones
762 4413 830 4512 jam
848 4395 1368 4513 nuncnerrorum'palmatorum
1384 4413 1590 4490 lineamenta
1605 4416 1816 4501 ostendunt3

312 4532 475 4630 plumulae
491 4555 605 4608 autern
617 4535 802 4636 vestigium
820 4537 951 4610 nullum
965 4537 1257 4612 animadvertitur.
1274 4539 1352 4612 Basi
1370 4535 1531 4637 albumen
1555 4537 1600 4613 ab
1624 4523 1818 4636 embryon‘e

312 4680 434 4752 parurn
452 4657 583 4732 recedit
598 4685 745 4759 eumque
766 4660 898 4733 nudurn
916 4659 1113 4760 prospicere
1127 4660 1220 4750 sinit,
1233 4660 1296 4754 ita,
1310 4678 1346 4732 ut
1373 4684 1452 4732 cum
1471 4658 1737 4758 cotyledonibns
1755 4657 1819 4733 sub

354 4881 402 4960 (r)
423 4881 469 4943 Cl.
490 4881 610 4947 Gaertu.
630 4883 666 4946 de
680 4886 765 4948 fruet.
785 4886 834 4960 11,
854 4906 884 4970 p.
907 4907 975 4973 ¹77·
994 4903 1069 4966 seq..
1083 4898 1104 4947 t.
1124 4907 1204 4968 ¹¹9⁵
1224 4897 1253 4948 et
1270 4881 1348 4944 Tab.
1374 4893 1478 4944 nostrae
1493 4881 1530 4944 11.
1548 4881 1601 4958 D,
1615 4881 1665 4966 fig.
1690 4905 1738 4948 rt·

1266 5029 1270 5042 ·
1556 5009 1593 5052 ro
