4596 6052
1167 501 1415 666 tior·

1004 851 1009 857 Ι
1070 913 1073 919 ·
1114 887 1178 962 ΠΙ.
1203 885 1399 963 Pr'stillum.

556 1127 831 1300 Gynocenmr
796 1178 1170 1282 (r)Polrgoueorum
1203 1212 1249 1262 ex
1283 1188 1392 1263 unico
1418 1204 1553 1262 constat
1585 1185 1736 1288 pistillo,
1777 1186 1897 1262 ovatio
1921 1188 2007 1264 sim-

503 1297 609 1400 plici,
634 1291 834 1405 plerumque
857 1305 1016 1408 trigono,
1040 1295 1152 1409 stylis
1166 1310 1274 1388 tribus
1302 1313 1354 1388 vel
1382 1337 1452 1387 uno
1475 1310 1555 1412 plus
1573 1311 1729 1404 minnsye
1751 1311 1925 1412 profunde
1951 1313 2007 1388 tri·

503 1425 597 1520 fido,
621 1429 727 1506 rarius
751 1428 860 1504 bifido
887 1450 922 1505 et
946 1431 1165 1532 stigmatibus
1190 1434 1302 1513 forma
1330 1434 1442 1511 variis.
1470 1437 1564 1525 Quas
1589 1453 1722 1533 partes,
1746 1437 1890 1536 astylis
1919 1435 2008 1538 stig·

503 1551 722 1666 matibnsque
738 1555 964 1656 incipientes,
982 1557 1160 1658 sigillatim
1176 1559 1470 1660 perlustrabimus.

553 1677 596 1750 In
610 1675 816 1753 Bumr'cr‘bns
832 1681 993 1780 stigmata
1011 1681 1075 1755 tria
1083 1680 1222 1783 ,stylos
1237 1704 1303 1759 tres
1321 1681 1499 1760 filiformes
1517 1683 1776 1760 horizontaliter
1790 1681 2010 1780 divergentes
2147 1698 2154 1718 ⁸

503 1816 561 1874 snt
590 1802 736 1876 reflexos
767 1804 1003 1895 terminantia,
1029 1805 1230 1881 fasciculum
1259 1827 1316 1883 aut
1345 1807 1628 1908 glomerulume
1655 1807 1800 1884 fimbriis
1833 1806 2011 1882 luciniis're

502 1921 653 2023 exiguis,
691 1924 932 2020 liliformibns‚
973 1928 1138 2003 confertis
1164 1931 1329 2004 constitut
1333 1956 1390 2003 nm
1405 1929 1606 2018 referentia,
1627 1906 1836 2030 peculiarem
1850 1929 2011 2030 praebeut

502 2066 692 2148 aspectum.
721 2050 817 2146 (Cl.
821 2051 889 2128 tab.
906 2054 952 2126 ll.
969 2054 1085 2154 E.fig.
1112 2071 1239 2128 rete..
1256 2072 1329 2131 et
1346 2053 1564 2154 Campdera
1568 2080 1674 2156 opere
1691 2053 1875 2152 laudato)

552 2172 593 2244 In
622 2171 733 2248 naeu
753 2175 836 2274 styli
854 2198 921 2260 tres
942 2150 1135 2254 brevissimi
1157 2177 1387 2276 'divergentes
1409 2177 1570 2278 stigmata
1595 2179 1711 2257 ferunt
1738 2177 1886 2252 totidem
1911 2201 2012 2251 corn·

499 2319 640 2394 pressa,
657 2298 759 2397 plana
783 2300 995 2377 orbiculato·
997 2301 1216 2396 reuilormia,
1247 2303 1402 2404 margine
1429 2327 1561 2404 parum
1570 2304 1755 2382 incruento
1773 2301 2011 2389 circumdate,

500 2417 816 2524 laevioglabraque.
842 2423 1426 2540 (Cf.‘rab.11.1).ttg.1et3)9

464 2635 468 2650 ⁸
548 2544 591 2614 ln
608 2542 807 2648 Polygonr's
823 2503 963 2649 stylite
980 2549 1140 2660 stigmata
1158 2577 1224 2660 pro
1250 2551 1351 2660 variis
1374 2528 1512 2652 generis
1540 2549 1755 2629 sectionibus
1775 2549 1876 2626 varia
1895 2549 2015 2650 Stylus

498 2666 646 2771 unicus,
673 2669 730 2770 yel
751 2669 796 2746 ad
802 2671 966 2760 mediam
984 2699 1083 2750 snam
1104 2651 1362 2810 longitudinem
1380 2675 1434 2750 rel
1453 2676 1497 2755 ad
1518 2675 1615 2749 basin
1633 2699 1740 2771 nsque
1760 2673 1795 2743 in
1815 2691 1866 2746 tot
1883 2697 2017 2748 cornuta

499 2786 677 2880 dividitur,
696 2811 780 2891 quot
798 2767 956 2897 carpellis
969 2795 1125 2871 orarium
1143 2796 1428 2898 compositum
1395 2815 1458 2874 est.
1482 2793 1585 2868 Ubi
1575 2795 1680 2894 igitur
1703 2787 1888 2870 aelleninm
1912 2819 2014 2870 com·

499 2935 672 3011 pressum,
693 2913 802 3012 stylus
818 2912 969 3004 bifidus,
986 2913 1047 2986 ubi
1064 2914 1288 3013 triquetrum,
1301 2914 1355 2987 ibi
1370 2892 1504 2988 trilrdus
1521 2916 1702 3022 (exceptis
1713 2919 1752 2992 P.
1765 2917 2013 3017 Hydropipere

500 3052 535 3108 et
552 3034 696 3124 stricto,
719 3035 844 3136 quibus
859 3037 1016 3113 ovuruim
1033 3061 1131 3145 saepe
1148 3061 1228 3138 vere
1244 3036 1447 3138 triquetrum
1462 3056 1496 3110 et
1513 3036 1622 3136 stylus
1641 3058 1756 3114 tamen
1769 3040 1896 3114 bifidus
1914 3043 2015 3137 est);

500 3156 666 3232 ubilona
680 3157 865 3266 acherium
883 3154 1068 3268 equetuor
1082 3181 1140 3268 aut
1157 3162 1311 3264 quinque
1329 3180 1462 3239 constat
1477 3161 1712 3260 carpellisgibi
1729 3165 1858 3262 stylum
1874 3188 2014 3269 quoque

500 3279 605 3356 toties
630 3279 945 3392 divisum'inven'i,
974 3283 1022 3392 de
1051 3310 1124 3386 quo
1158 3306 1273 3392 tamen
1305 3284 1396 3361 iufra
1423 3285 1519 3386 plura
1543 3284 1686 3361 dicendi
1717 3287 1812 3360 locus
1839 3287 1955 3365 erin-
1970 3291 2012 3398 lp

500 3406 634 3505 majore
649 3407 843 3508 specierum
863 3435 1007 3484 numero
1024 3411 1132 3508 stylus
1153 3412 1338 3518 staminum
1356 3411 1551 3512 calycisque
1578 3411 1797 3487 altitudinem
1816 3413 2013 3514 snb-aequat
2106 3431 2117 3438 '

502 3548 538 3602 et
558 3543 629 3614 turn
654 3556 790 3630 semper
809 3551 861 3606 est
878 3533 1013 3624 tenuis,
1039 3534 1209 3614 lililorntis
1225 3537 1367 3636 „primo
1385 3555 1538 3626 erectus,
1564 3535 1736 3609 cornubus
1755 3535 2014 3636 approximatis,

502 3675 584 3725 mox
608 3652 1014 3760 divergentibnsexigius
1037 3660 1181 3752 obtusis,
1211 3639 1391 3753 nudulum,
1414 3659 1592 3761 globulum
1618 3659 1671 3734 vel
1696 3659 1884 3760 capitulum
1921 3659 2011 3736 rele-

502 3777 669 3852 rentibus.
684 3778 804 3878 Stylus
821 3805 958 3881 semper
972 3780 1085 3857 nudus
1100 3845 1125 3881 ‚g
1133 3785 1256 3886 glaber
1269 3804 1301 3862 et
1316 3785 1437 3874 lamis,
1457 3784 1512 3858 vel
1540 3789 1554 3872 (
1574 3802 1610 3856 ut
1625 3782 1661 3856 in
1679 3781 1723 3858 P.
1742 3783 1922 3881 stirpare,
1952 3783 2012 3858 ubi

503 3926 584 3974 cnm
608 3902 812 3980 staminibus
838 3904 994 4005 calycem
1010 3914 1172 4012 superat)
1185 3910 1326 3984 lineolis
1345 3907 1582 3984 minutissimis
1599 3908 1745 4012 sulcatus
1762 3926 1823 4006 est.
1843 3905 1925 4002 (Cl.
1944 3891 2052 3995 tab-s

505 4025 567 4096 ltt.
585 4027 631 4099 H.
650 4029 706 4128 lig.
727 4031 775 4123 7.)
789 4028 880 4128 Styli
892 4031 989 4104 color
1002 4032 1110 4124 albus,
1119 4035 1320 4138 stigmatum
1338 4057 1588 4131 nonnunquam
1599 4029 1763 4138 flavienus
1776 4048 1833 4124 aut
1850 4031 2011 4106 rubellas.

504 4148 590 4221 Post
610 4149 917 4228 foecundationetn
936 4154 1137 4254 hujusmodi
1157 4161 1262 4256 styli,
1296 4160 1468 4231 cornubus
1486 4157 1522 4228 in
1541 4155 1677 4232 echenii
1694 4155 1838 4253 angulos
1856 4156 2011 4246 reflexis,

505 4297 569 4372 per
599 4273 740 4374 aliquod
768 4295 902 4377 tempus
921 4276 1034 4354 adhuc
1059 4269 1268 4380 persistunt,
1292 4280 1405 4356 donec
1434 4279 1633 4366 dilabantur
1658 4300 1693 4354 et
1715 4278 1905 4360 ncbeuium
1936 4277 2010 4354 basi

504 4397 587 4500 styli
602 4400 1012 4500 commuuisapiculatum
1028 4403 1233 4503 relinquant.
1250 4407 1337 4478 Haec
1354 4403 1522 4504 stylorum
1541 4403 1674 4511 indoles
1693 4402 1904 4508 sectionibus
1923 4402 2009 4496 ¹Per·

550 4693 601 4769 (r)
618 4693 666 4754 Cl.
681 4695 765 4756 amici
790 4695 908 4778 Roeper
924 4694 1001 4768 Obs.
1020 4716 1070 4757 sur
1085 4694 1114 4758 ls
1131 4712 1232 4760 nature
1247 4697 1301 4762 des
1319 4699 1424 4775 boues,
1441 4712 1515 4773 etc,
1534 4698 1565 4758 iu
1585 4697 1651 4760 Ser.
1670 4697 1746 4760 Met.
1766 4699 1832 4759 Bot.
1851 4697 1901 4771 11,
1921 4716 1950 4786 p
1971 4716 2009 4778 77

510 4811 539 4857 es
553 4817 615 4876 seq.
