4722 6076
970 621 1149 717 (39)

311 775 478 875 perfecto.
496 775 580 870 (Cf.
598 776 666 850 tab.
682 775 746 848 111.
766 774 814 846 K.
831 773 890 870 fig.
912 773 1000 867 14.)
1017 809 1056 824 -
1068 769 1183 844 Multo
1200 770 1343 844 rariores
1360 793 1443 844 reto
1461 786 1541 845 sunt
1558 795 1675 864 casas,
1688 771 1813 874 quibus

310 900 452 976 achenin
476 897 608 996 angulis
633 897 843 998 (carpeliis)
861 919 1006 968 numero
1023 895 1167 968 normali
1189 893 1409 992 paucioribus
1432 912 1603 970 constent.
1630 897 1726 972 Talis
1746 899 1814 974 de·

309 1023 420 1097 sectus
445 1022 587 1096 unicum
613 1021 808 1120 exemplum
835 1020 870 1092 in
888 1017 931 1087 P.
952 1019 1133 1094 avr'culorr'
1147 1018 1284 1093 obviam
1305 1017 1389 1091 mihi
1408 1019 1527 1109 venit,
1553 1019 1591 1094 iu
1617 1047 1687 1120 quo
1710 1020 1812 1097 ache-

308 1146 405 1218 nium
439 1145 604 1235 (duobus
641 1143 825 1217 formatum
856 1143 1037 1242 corpeilis)
1064 1141 1211 1219 sormam
1241 1141 1314 1216 fere
1344 1141 1388 1215 P.
1423 1143 1630 1242 Virgr'rrr’oni
1656 1143 1812 1220 imitabar

308 1285 343 1342 et
355 1292 474 1342 semen
502 1267 701 1342 continebat
728 1265 1161 1367 pyriformi·eompressum
1191 1264 1442 1354 acuminatam,
1483 1265 1547 1339 rite
1571 1267 1808 1344 constitutum.

254 1451 261 1458 .
311 1395 328 1486 (
340 1391 396 1466 Cf.
420 1391 487 1466 tab.
505 1391 566 1464 tv.
585 1391 632 1463 Ο.
651 1393 709 1488 fig.
731 1397 815 1484 ιι.)
836 1390 961 1466 Casum
987 1415 1088 1490 supra
1106 1389 1244 1464 aliatum
1261 1387 1306 1462 de
1340 1387 1528 1462 seminibus
1557 1388 1705 1476 duobus,
1732 1415 1810 1490 qnoe

307 1513 345 1587 in
365 1512 511 1586 achenio
530 1512 666 1612 trigono
688 1514 726 1584 P.
740 1511 930 1586 Orientaiis
944 1516 1005 1607 (et
1022 1491 1162 1612 quidem
1178 1509 1310 1612 angulis
1328 1512 1400 1586 istis
1418 1511 1508 1588 circa
1520 1533 1677 1588 centrum
1688 1513 1810 1589 baseos

308 1633 444 1713 achenii
479 1635 674 1735 conspicuis
705 1633 918 1730 insidentia)
956 1635 1090 1734 reperi,
1124 1633 1218 1708 hand
1250 1635 1374 1708 nullius
1409 1635 1579 1710 momenti
1619 1634 1724 1710 credo
1763 1633 1809 1712 ad

307 1756 546 1858 explicandam
581 1756 755 1832 fructuum
778 1755 1064 1858 Polygonrorum
1102 1756 1286 1847 theoriam,
1316 1757 1448 1833 semina
1472 1756 1636 1832 nimirum
1658 1757 1713 1832 vel
1740 1757 1807 1834 dua

306 1881 363 1957 vel
390 1881 453 1957 tria
477 1879 597 1957 adesse
622 1879 773 1974 debere,
799 1905 946 1982 quorum
976 1906 1058 1955 vero
1084 1906 1191 1954 unum
1221 1881 1275 1958 vel
1290 1879 1368 1956 ‘dua
1391 1881 1512 1958 abortu
1525 1881 1672 1957 deficere
1684 1881 1807 1958 solent.

866 2472 929 2546 IX.
953 2462 1290 2546 AFFlNlTATES.

350 2793 440 2866 Cum
470 2793 575 2867 totius
601 2791 882 2892 Polygonearum
905 2787 1038 2864 ordinis
1061 2785 1164 2862 talem
1191 2785 1352 2864 notitiam
1382 2787 1540 2864 nondum
1568 2807 1689 2868 nactus
1718 2794 1803 2884 sim,

301 2933 338 2988 ut
371 2917 445 3014 ejus
471 2915 649 2992 affinitates
676 2941 753 2988 curn
781 2914 856 2988 aiiis
881 2913 1074 3013 plantarum
1097 2912 1276 2986 ordinibus
1299 2914 1447 3013 propriis
1474 2915 1633 3016 auspiciis
1659 2935 1803 2994 tractare

299 3037 458 3137 possem,
487 3064 595 3138 pauca
621 3056 756 3111 tantum
781 3035 949 3140 reseram,
974 3062 1051 3135 quaa
1076 3037 1133 3110 aiii
1161 3054 1317 3112 auctores
1345 3036 1390 3111 de
1417 3036 1543 3112 haere
1571 3057 1802 3114 autumarent.

351 3159 501 3234 Carolus
530 3187 553 3260 o
585 3131 713 3248 danne,
743 3165 820 3233 cu'm
839 3158 1076 3260 'Polygoneos
1101 3157 1146 3232 ad
1176 3157 1327 3232 eundem
1344 3158 1502 3233 ordinem
1522 3161 1704 3262 relegaret,
1730 3186 1801 3261 quo

302 3283 498 3380 Atrr'plr'ces
526 3303 561 3356 et
581 3281 720 3355 Lauros
745 3282 938 3372 referebat,
967 3301 1000 3355 et
1019 3281 1232 3382 Polygoneis
1255 3307 1363 3381 genus
1386 3267 1583 3382 Ragonium
1604 3284 1803 3385 proximum

304 3405 518 3494 adroderet,
541 3426 669 3478 mutuae
697 3404 883 3494 affinitatis,
908 3429 986 3506 quae
1003 3402 1062 3478 has
1079 3404 1263 3478 intercedit
1275 3403 1446 3495 familias,
1463 3432 1601 3479 sensum
1619 3405 1801 3482 manifeste

299 3527 369 3626 jam
389 3526 556 3626 prodidit.
584 3528 714 3600 Mirum
742 3551 824 3601 vero
842 3524 996 3618 videtur,
1027 3553 1106 3601 eum
1134 3523 1226 3602 hunc
1252 3526 1411 3601 ordinem
1439 3529 1474 3600 in
1502 3528 1601 3604 classi
1619 3528 1800 3628 Oppositr'-

288 3650 471 3743 soliorum
489 3650 659 3750 possuisse
678 3649 750 3742 (ι).

349 3773 395 3844 Α.
419 3773 462 3844 L.
495 3772 539 3844 de
569 3774 710 3845 Jussr'eu
738 3777 796 3869 (2)
822 3797 959 3871 quoque
984 3769 1180 3866 affinitatem
1214 3793 1294 3844 cum
1321 3769 1556 3869 Atrr'plr'cr'bur
1585 3771 1717 3850 indicat
1744 3793 1799 3872 et,

300 3893 454 3993 quamvis
476 3895 645 3982 incertus,
663 3893 858 3992 Ragonium
876 3917 984 3993 genus
1001 3893 1098 3966 affine
1114 3912 1222 3993 putat.

350 4013 412 4089 Ill.
441 4017 477 4088 J.
509 4017 554 4087 E.
585 4015 698 4088 Smitlt
731 4019 787 4113 (3)
811 4015 981 4090 affinitatis
1008 4014 1098 4088 inter
1123 4014 1412 4115 Polygonearum
1439 4037 1472 4093 et
1496 4020 1798 4120 Bogom'ncearum

300 4138 450 4212 fructum
481 4138 694 4212 mentionem
724 4139 805 4213 facit
835 4163 979 4238 eamque
1008 4135 1205 4212 affinitatem
1233 4139 1378 4212 omnino
1408 4140 1588 4244 analogam
1615 4145 1700 4220 dicit
1729 4147 1799 4237 ilii,
1890 4199 1896 4212 ·

299 4286 402 4360 quam
428 4261 520 4338 inter
551 4261 772 4358 Composr'tas
803 4279 838 4334 et
869 4260 1192 4358 Campanuloceas,
1222 4259 1474 4362 Cherropodoas
1490 4285 1525 4342 et
1542 4265 1800 4368 Phytolacceas
1897 4278 1904 4297 ⁸

229 4665 235 4674 q
339 4584 389 4660 (ι)
405 4579 453 4642 Ci.
472 4580 572 4642 Smtrt
587 4601 704 4663 gramm.
724 4582 756 4644 oi
771 4581 831 4646 hot.
846 4603 877 4668 p.
899 4603 971 4668 209.
988 4601 1032 4665 tq.

338 4692 387 4768 (ι)
408 4689 484 4750 Gen.
504 4690 544 4770 pt.
563 4710 594 4770 p.
614 4693 664 4753 85.

341 4779 390 4875 (ὃ)
408 4795 537 4858 Cremna.
554 4797 586 4863 ot
601 4793 662 4860 hot.
676 4818 707 4881 p.
731 4820 799 4882 ¹¹7·
