4722 6076
1230 494 1387 592 (8)

528 615 630 726 nibus
653 645 729 726 latis
745 629 1003 746 brevibusque,
1030 641 1192 744 ellipticis
1210 644 1271 719 rel
1285 644 1442 716 oralibns
1455 643 1634 724 instructoe
1651 659 1731 723 sun't
1754 649 1825 744 (ι).
1839 651 1879 724 Ρ.
1898 651 2051 754 Senega-

422 822 430 837 ·
528 776 622 850 leuse
641 770 868 872 cotyledobes
893 769 997 846 babet
1015 767 1162 844 lineares
1179 785 1339 868 angustas
1365 787 1397 841 et
1418 788 1577 867 patentes
1602 771 1817 867 (insemioe
1846 773 2050 862 incumbens

531 903 610 991 tes)
640 895 794 998 margine
819 915 853 969 et
873 919 980 994 usque
1004 891 1049 970 ad
1067 872 1220 967 mediam
1237 889 1427 965 radiculam
1456 893 1721 986 (cauliculum)
1752 895 1925 996 glandulis
1945 899 2049 996 pedie

528 1023 659 1102 cellatis
674 1075 684 1106 ,
699 1020 869 1120 exiguis,
897 1016 1022 1094 albidis
1039 1016 1231 1116 praeditas,
1264 1040 1411 1114 quorum
1434 1014 1513 1089 loco
1540 1016 1663 1091 lolium
1681 1017 1831 1118 primunt
1863 1046 1961 1095 veros
1978 1019 2048 1120 joni

527 1146 672 1224 exhibet
688 1143 777 1242 pilos
797 1147 867 1240 (ι).
901 1141 958 1214 Nil
975 1139 1096 1214 similis
1120 1137 1246 1213 inulla
1275 1137 1341 1213 alia
1359 1136 1541 1216 observavi
1571 1129 1706 1238 specie,
1735 1141 1769 1212 in
1789 1132 1952 1216 omnibus
1968 1143 2048 1219 reli·

529 1271 606 1369 quis
629 1267 724 1342 euim
747 1264 973 1364 cotyledones
1012 1263 1149 1363 glabras
1176 1264 1305 1339 inveni.
1331 1268 1457 1365 Neque
1491 1265 1697 1342 ocbrearum
1728 1267 1906 1353 evolutio,
1943 1294 2047 1370 quom
2079 1248 2083 1258 ¹

527 1393 617 1468 infra
645 1391 783 1466 uberius
807 1413 1006 1488 exponam,
1033 1387 1103 1463 alio
1131 1414 1171 1462 ac
1193 1408 1297 1464 antea
1315 1389 1499 1490 designato
1516 1389 1627 1464 modo
1645 1394 1694 1464 fit.

576 1519 617 1590 lo
632 1511 828 1588 Coccoloba
853 1509 991 1606 uvifero
1004 1511 1020 1607 (
1034 1512 1123 1586 Tab.
1142 1514 1180 1603 l,
1198 1515 1256 1612 lig.
1277 1516 1362 1606 4.),
1376 1512 1477 1584 Rhea
1499 1511 1686 1612 compacto
1707 1517 1747 1588 L.
1764 1535 1799 1589 et
1816 1515 2045 1590 undulatob·

527 1636 616 1713 Tab.
633 1639 670 1729 1,
699 1639 760 1737 fig,
777 1663 821 1726 2,
847 1635 914 1730 3.)
941 1633 1086 1706 Rumt'ce
1099 1633 1286 1729 hostifolt'o
1305 1692 1317 1727 ,
1344 1636 1443 1711 Bieb.
1469 1636 1636 1733 (ilias.
1660 1643 1715 1734 ι.)
1730 1613 1896 1720 scalmo,
1916 1655 2044 1730 oculo,

537 1761 688 1858 Alphio,
709 1759 917 1831 Britannico
945 1757 1169 1864 pluribusque
1188 1759 1262 1833 aliis
1282 1761 1445 1834 eumdem
1459 1760 1640 1837 observavi
1655 1762 1874 1862 germinandi
1887 1761 2044 1836 modum.

527 1885 686 1972 Omnes,
717 1882 783 1956 etsi
803 1879 1058 1980 cotyledonum
1082 1880 1196 1956 forma
1213 1881 1304 1956 inter
1334 1908 1371 1957 se
1402 1883 1588 1973 differant,
1626 1885 1660 1957 in
1693 1912 1736 1959 eo
1767 1903 1883 1962 tamen
1910 1909 2044 1959 conve-

526 2007 651 2097 niunt,
682 2003 777 2106 quod
796 2003 919 2076 folium
951 2003 1101 2103 primum
1119 2059 1130 2094 ,
1148 2006 1361 2106 marginibus
1380 2007 1574 2083 revolutum
1596 2008 1793 2110 ocbreaqoe
1824 2008 1936 2110 primo
1960 1997 2043 2084 vitae

524 2130 638 2206 stadio
658 2129 851 2215 inclusum,
871 2117 916 2204 ad
951 2127 1152 2226 (alterum)
1181 2129 1269 2203 latus
1302 2131 1481 2231 exsurgit,
1517 2133 1586 2206 boc
1609 2152 1661 2207 est
1677 2133 1892 2233 marginibus
1910 2133 2043 2234 cotyle-

477 2241 484 2248 ’
524 2254 659 2330 donum
675 2253 781 2332 iacies
806 2256 952 2354 spectat.
980 2251 1122 2328 Caetera
1147 2278 1167 2326 e
1196 2253 1312 2331 tabula
1329 2275 1450 2329 nostro
1469 2257 1583 2356 prima
1605 2255 1710 2334 lacile
1724 2243 1925 2334 elucebunt.

1161 2581 1164 2590 ι

718 2879 722 2896 Ι
839 2773 884 2848 V.
909 2771 1323 2864 uaan,CAUD1tx
1348 2771 1706 2849 INTERMEDIUS.

570 3044 835 3188 Polygouomm
861 3043 982 3134 radix,
1011 3041 1148 3156 ptimo
1161 3043 1263 3118 initio
1286 3043 1432 3150 simplex
1456 3043 1631 3118 filiformis
1660 3063 1693 3118 et
1712 3041 2036 3184 perpendicularis,

522 3172 651 3248 sensim
669 3172 705 3276 io
730 3171 938 3276 librorum,
949 3195 1151 3280 ramosam,
1167 3135 1361 3244 ²interdum
1386 3167 1460 3242 fere
1494 3168 1582 3244 sosif
1580 3194 1739 3259 ormem,
1775 3189 1809 3244 et
1827 3169 1862 3242 in
1881 3170 2038 3282 sectione
2080 3215 2084 3222 ·

519 3295 710 3372 Bistortae'
700 3321 738 3368 ιιι
755 3271 949 3397 tuberosptti
967 3260 1055 3370 abit
1066 3269 1237 3394 Exceptis
1255 3293 1417 3366 Bistortis
1430 3285 1673 3393 ,reliquarum
1690 3285 1885 3414 sectionum
1900 3291 2038 3409 radices

519 3417 633 3496 forma
654 3436 690 3494 et
707 3417 826 3494 indole
856 3419 915 3494 vix
933 3416 1156 3518 discrepant,
1186 3441 1230 3490 ne
1248 3407 1390 3520 quidem
1417 3442 1588 3517 perennes
1607 3417 1649 3491 ab
1676 3418 1823 3510 annuis,
1850 3445 1930 3494 cum
1952 3398 2038 3519 pos-

520 3542 664 3618 teriores
688 3541 783 3618 haud
799 3566 877 3648 terp
894 3561 1066 3620 texturam
1088 3543 1261 3644 lignosam
1284 3542 1456 3616 exhibent
1479 3542 1630 3643 ideoque
1650 3569 1670 3615 a
1689 3543 1900 3646 perennibus
1926 3547 2037 3621 oculis

519 3665 672 3742 duceni
693 3667 751 3744 rix
769 3684 925 3768 possunt.
954 3668 1037 3740 Hoc
1058 3667 1205 3768 quidem
1224 3666 1261 3741 in
1284 3669 1326 3742 Ρ.
1345 3666 1508 3743 aviculari
1527 3668 1708 3745 observavi
1730 3688 1764 3741 et
1792 3657 1915 3768 parom
1926 3668 2037 3746 mira-

516 3790 670 3893 bor,·si
697 3791 791 3867 sorte
816 3791 999 3869 individua
1026 3771 1195 3890 perennia
1224 3791 1326 3890 bajus
1351 3789 1483 3891 speciei
1514 3792 1659 3868 inventa
1690 3791 1833 3868 fuerint.
1859 3791 2034 3868 Raditum

519 3913 669 4020 directio
687 3916 800 4006 varia,
823 3915 988 4020 obliqua,
1005 3915 1252 4006 horizontalis,
1270 3917 1448 4005 flexuosa,
1475 3935 1571 4009 etc,
1602 3934 1671 3991 etc.

529 4013 799 4132 Βῐειοιιιιιιιιιι
827 4059 945 4119 aotam
972 4039 1115 4124 radices
1150 4059 1231 4116 sunt
1253 4064 1447 4142 perennes,
1472 3975 1644 4140 ligndsae,
1672 4023 1794 4116 crassas
1807 4037 2031 4136 t,oberosae,

519 4181 713 4255 contortae,
735 4139 848 4238 forma
865 4161 1045 4263 irregulari
1071 4165 1234 4264 variaque
1253 4162 1439 4257 distinctae,
1454 4160 1549 4238 dorae
1571 4183 1802 4265 tenacesqoe,
1818 4185 1917 4240 extus
1936 4186 2032 4260 atrae,

416 4383 418 4388 Ι
519 4285 728 4362 leviusculae
739 4306 798 4364 out
813 4287 1030 4364 cicatriculae
1054 4287 1236 4385 (caulium
1252 4287 1478 4388 pristinorum
1496 4289 1775 4386 monomeotol)
1802 4287 2032 4384 exhibentes,

519 4409 613 4486 intus
629 4411 716 4488 albae
733 4431 793 4488 aot
809 4413 946 4501 rubrae,
972 4437 993 4486 e
1020 4412 1088 4490 tela
1113 4412 1400 4513 labrom-lignosa
1425 4410 1605 4514 irregulari
1636 4413 1810 4514 densaque
1840 4433 2029 4492 contexte.

563 4686 613 4766 (ι)
634 4682 696 4746 cn.
718 4679 800 4746 Tab.
821 4684 855 4761 1,
875 4683 927 4766 ug.
945 4705 1005 4768 27,
1022 4687 1075 4750 28:

562 4795 611 4876 (2)
629 4790 692 4856 Cb.
711 4793 790 4854 laid.
809 4791 861 4876 lig.
876 4795 983 4878 1946.
