4722 6076
1165 649 1340 784 (ni
1476 646 1513 654 ”

490 835 654 908 maximo
670 834 791 910 studio
809 840 846 910 et
874 860 998 910 amore
1029 834 1241 936 adgrediar3
1273 833 1380 910 bodie
1397 841 1541 926 autem,
1573 861 1661 911 curn
1684 837 1850 914 noudum
1878 841 2003 914 omnia

493 965 688 1036 auctorum
716 961 916 1062 specimina
950 959 1102 1034 viderim
1130 966 1168 1034 et
1203 961 1299 1034 hanc
1336 959 1384 1032 ob
1414 985 1492 1033 rem
1530 985 1820 1058 synonymorum
1837 1043 1842 1052 ,
1862 965 2003 1039 nodum

493 1085 660 1159 nondum
678 1085 829 1159 omnino
847 1084 1122 1176 extricaverim,
1147 1085 1374 1159 succinctam
1391 1089 1538 1158 tantum
1557 1083 1652 1160 dabo
1665 1089 1811 1185 generis
1823 1087 2005 1187 Polygoni

494 1207 712 1304 (Haemoni
722 1219 737 1304 )
757 1209 949 1282 historiam
965 1207 1192 1300 naturalem,
1208 1211 1410 1305 specierum
1436 1207 1649 1308 drognoses,
1667 1217 1849 1308 quantum
1876 1198 2001 1296 licuit,

494 1331 539 1404 ad
560 1335 720 1433 proprias
739 1333 1007 1407 observationes
1024 1341 1203 1421 exaratas,
1214 1332 1458 1406 recentiorum
1471 1335 1685 1430 synonymis
1702 1331 2004 1408 essentialio'ribus

492 1456 686 1531 illustratas
707 1465 743 1532 et
766 1461 970 1554 specierum
990 1455 1126 1553 aliquot
1153 1459 1275 1526 minus
1303 1455 1388 1527 bene
1413 1455 1458 1530 ab
1486 1453 1693 1528 electoribus
1716 1454 2004 1554 descriptorum,

494 1588 531 1658 et
561 1607 732 1654 nouorum
757 1583 873 1680 (quas
905 1580 1011 1655 solito
1041 1581 1210 1654 asterisco
1243 1578 1383 1676 nomini
1413 1579 1544 1680 speciei
1563 1581 1763 1678 postposito
1790 1578 2003 1680 designavi)

490 1705 751 1804 descriptiones
768 1703 978 1802 ampliores.
1005 1703 1148 1803 Species
1175 1708 1298 1775 aulem
1326 1725 1469 1794 omnes,
1497 1727 1655 1800 quarum
1682 1703 1881 1801 specimina
1903 1703 2004 1778 nulla

492 1830 584 1919 vidi,
613 1855 700 1904 cum
728 1829 888 1928 diagnosi
918 1827 1028 1926 ipsius
1065 1827 1225 1900 auctoris
1260 1826 1456 1900 immutata
1492 1833 1529 1899 et
1555 1829 1659 1926 signo
1695 1857 1797 1894 a-o
1835 1827 2003 1901 distincta

491 1955 618 2045 attuli,
637 1955 690 2028 uti
710 1979 744 2026 v.
771 1978 805 2050 g.
833 1949 1019 2051 plerasque
1049 1951 1086 2021 in
1109 1949 1158 2023 ill.
1189 1949 1335 2022 Roberti
1359 1949 1486 2022 Brona
1511 1927 1856 2026 Prodromo‘Florae
1885 1954 2003 2026 Novae

493 2078 703 2153 Hollandiae
734 2080 978 2150 enumeratas.
1004 2074 1142 2146 Faveas
1173 2074 1365 2146 tentamini
1396 2074 1506 2164 lruic,
1537 2073 1650 2147 lectur
1676 2073 1862 2162 benevole,
1892 2081 2003 2174 atque

492 2228 578 2304 quae
603 2199 797 2274 erraverim
825 2224 890 2297 pro
915 2195 1136 2296 induigentia
1159 2201 1222 2268 lua
1245 2197 1386 2269 auctori
1416 2197 1582 2296 ignoscas
1611 2199 1683 2296 (ι).

543 2326 688 2401 Addam
714 2324 771 2396 bic
799 2321 956 2395 rationes
983 2320 1122 2418 aliquot
1154 2318 1319 2418 opusculi
1345 2318 1416 2392 mei
1442 2326 1479 2392 et
1505 2321 1663 2419 generis,
1694 2321 1793 2420 quod
1823 2325 2003 2414 tractavi,
2041 2375 2044 2380 <

494 2433 683 2528 historiam
712 2445 1058 2544 systematicam.-
1078 2443 1203 2517 Genus
1238 2440 1469 2540 Polygonum
1496 2446 1545 2516 ita
1576 2445 1742 2534 servavi,
1768 2444 1874 2544 quale
1898 2447 2004 2522 divus

492 2575 660 2649 Lr'nnoeus
693 2551 801 2645 nobis*
815 2569 984 2655 tradidit,
1008 2591 1124 2665 neque
1142 2552 1371 2640 admittenda
1397 2565 1487 2640 duxi
1514 2591 1645 2666 genera
1671 2596 1693 2641 a
1718 2547 1753 2640 b.
1781 2571 2005 2644 Tournefort

491 2701 683 2788 instituta,
712 2696 929 2776 Bistortam‚
950 2673 1185 2766 Persicariam
1203 2696 1241 2764 et
1258 2691 1508 2790 Fagopyrum.
1525 2691 1669 2766 Exclusi
1689 2698 1814 2765 tamen
1833 2719 1854 2765 a
1872 2717 2003 2792 genere

490 2826 627 2927 species
645 2820 760 2926 plnres
779 2820 881 2891 omni
898 2809 977 2916 iure
995 2815 1252 2902 eliminandam
1270 2815 1322 2888 ita
1339 2816 1380 2888 Ρ.
1395 2811 1602 2906 frutesceas
1620 2819 1662 2889 L.
1684 2822 1721 2892 et
1738 2819 1778 2892 P.
1795 2817 2005 2913 crispulum

491 2951 589 3024 Sims
620 2946 666 3021 ad
696 2941 929 3041 Atrophorin
940 2968 958 3025 ,·
985 2943 1025 3014 P.
1051 2939 1293 3044 polygomum
1320 2941 1390 3024 la,
1421 2939 1658 3011 articulatum
1683 2943 1748 3029 L„
1769 2938 2004 3032 fimbriatum

490 3073 601 3151 Elliot
628 3075 666 3144 et
687 3065 831 3168 gracile
860 3063 1002 3140 Nuttall
1032 3064 1080 3138 ad
1109 3061 1365 3166 Polygonellos
1396 3062 1597 3150 Michaux;
1626 3066 1667 3137 P.
1680 3063 1949 3162 grondr'storum
1967 3073 2005 3138 et

491 3194 717 3292 burtsolium
737 3195 787 3266 Μ.
811 3217 843 3265 a.
861 3171 961 3263 Bieb.
979 3188 1025 3263 ad
1055 3187 1264 3289 Trogopyro
1287 3187 1448 3288 ejusdem
1467 3187 1646 3272 auctoris;
1665 3193 1703 3259 et
1723 3187 1768 3259 P.
1791 3186 2003 3288 adpressum

492 3319 623 3396 Labill.
662 3325 701 3394 et
725 3319 772 3391 R.
794 3317 948 3406 Brown,
983 3319 1021 3387 et
1046 3312 1093 3387 P.
1115 3309 1392 3409 acetosesolium
1420 3312 1528 3384 Vent.
1547 3310 1594 3382 ad
1615 3308 1825 3382 Cocoolobos
1854 3313 2006 3386 removi.

494 3491 540 3509 -
554 3447 692 3522 Contra
717 3465 830 3544 genus
854 3439 1070 3541 Orygonum
1097 3434 1266 3512 Burchell
1286 3441 1360 3533 (2),
1378 3436 1483 3534 cujus
1507 3433 1643 3544 species
1673 3432 1851 3528 duas(O.
1865 3433 2004 3507 alatum

493 3583 531 3649 et
550 3545 800 3661 calcaratum)
827 3567 865 3638 in
894 3565 1063 3639 herbario
1089 3561 1138 3637 ill.
1165 3563 1219 3635 De
1249 3557 1424 3634 Candolle
1452 3557 1546 3647 vidi,
1573 3562 1755 3655 quantum
1788 3583 1808 3630 e
1834 3559 2007 3656 specimi-

494 3695 603 3770 nibus
629 3691 733 3767 valde
760 3685 989 3787 incompletis
1018 3687 1178 3786 judicare
1212 3683 1317 3772 licet,
1342 3709 1364 3756 a
1390 3681 1589 3782 Polygonis
1617 3705 1748 3780 genere
1779 3705 1851 3754 non
1882 3680 2006 3756 differe

494 3817 675 3895 existimo.
686 3817 847 3889 Necnon
858 3836 972 3910 genus
983 3808 1192 3909 Loguneom
1204 3809 1377 3885 Laureiro
1392 3803 1804 3903 (fl.Cocbin.ed.Willd.
1817 3827 1843 3895 1,
1857 3833 1892 3906 p.
1902 3833 1945 3903 27
1958 3807 2003 3900 r.)

495 3941 694 4044 Polygonis
712 3935 987 4038 adjungendum
1007 3934 1097 4008 mibi
1112 3937 1228 4010 visum
1247 3940 1313 4009 est.

544 4063 678 4161 Quoad
713 4061 900 4136 historiam
934 4060 1071 4160 generis
1105 4059 1328 4147 observabo,
1358 4054 1529 4130 Corolum
1554 4081 1577 4125 o
1611 4053 1725 4125 Linnl
1760 4075 1858 4125 anno
1895 4053 2003 4150 1764.

499 4195 622 4294 (spec.
648 4186 697 4290 pl.
715 4185 770 4262 ed.
789 4205 845 4260 111.
860 4192 876 4284 )
901 4185 969 4259 sub
986 4208 1116 4284 genere
1135 4183 1322 4284 Polygono
1339 4161 1474 4282 species
1492 4205 1551 4280 27.
1565 4177 1843 4267 enumeravisse,
1860 4175 1904 4250 de
1921 4177 2004 4276 qui-

544 4421 592 4498 (ι)
613 4411 806 4477 celeberrima
835 4409 964 4474 Societas
984 4411 1121 4495 physices
1140 4410 1168 4471 it
1184 4409 1311 4472 historiae
1337 4406 1478 4470 natantis
1502 4426 1563 4486 quae
1594 4405 1721 4468 Genava
1739 4401 1842 4476 lloret,
1863 4416 1892 4462 et
1909 4421 2006 4464 coram

497 4547 554 4609 qua
578 4523 609 4585 d.
638 4543 676 4586 ar
691 4517 886 4602 Septembris
920 4523 1017 4595 1626,
1037 4519 1221 4580 summarium
1245 4517 1376 4600 opusculi
1405 4516 1461 4578 mei
1476 4513 1620 4597 psalmi,
1639 4509 1827 4572 honorificam
1844 4508 1913 4569 mibi
1937 4508 2007 4568 lecit

499 4633 676 4696 oblationem
691 4629 786 4712 ipsum
800 4627 970 4710 opusculum
987 4627 1062 4688 iuter
1078 4627 1207 4709 egregias
1226 4647 1291 4688 suas
1310 4625 1563 4688 commentationes
1583 4621 1761 4698 (Memoires
1782 4617 1816 4678 de
1836 4617 1863 4676 la
1882 4615 1949 4678 Soc.
1969 4615 2007 4678 dc

497 4739 588 4822 Phys.
606 4753 635 4799 et
650 4736 751 4817 ebio.
772 4747 833 4796 rat.
851 4733 886 4796 de
904 4734 1048 4815 Genera)
1063 4735 1223 4820 recipiendi
1241 4749 1269 4796 et
1287 4735 1317 4798 in
1333 4753 1430 4796 earum
1447 4732 1582 4798 Vol..m.
1602 4726 1728 4802 edendi,
1745 4727 1793 4786 oui
1813 4745 1885 4792 vero
1902 4723 2005 4787 honori

498 4860 530 4909 ut
547 4846 742 4908 renuntiarem
761 4841 940 4936 conditiones
959 4867 975 4904 a
991 4841 1150 4927 bibliopola
1169 4846 1322 4927 proposita
1339 4863 1384 4904 me
1400 4849 1568 4924 coegerunt.

542 4957 592 5038 (π)
614 4951 770 5036 Gataloguo
785 4951 989 5036 geographicas
1007 4931 1172 5037 plintarum
1189 4953 1293 5016 Attice
1311 4947 1447 5013 australia
1459 4946 1667 5031 extratmpioae.
1686 4941 1747 5008 N.⁰
1762 4949 1845 5026 ²⁰74
1863 4952 1892 5001 et
1911 4935 2005 5020 2459.
