4722 6076
1021 584 1201 682 (εὖ)

356 745 429 840 (Ρ.
458 737 761 839 virginianum),
791 755 848 812 aut
880 735 980 836 apice
1011 731 1189 808 distantes.
1226 735 1298 829 (1³.
1315 735 1519 820 Orientale,
1539 735 1753 829 Persicaria,
1772 739 1868 833 etc.)

358 866 537 942 Caeterum
573 861 776 962 pierumque
808 857 966 958 analogia
991 858 1156 958 quaedntn
1186 858 1342 933 bracteas
1371 877 1406 932 et
1428 857 1573 934 ochreas
1600 859 1813 950 intercedit;
1845 863 1874 936 si

360 989 455 1066 enim
485 987 579 1089 pube
608 1005 708 1060 tecte
731 1003 787 1060 aut
806 983 963 1084 margine
978 982 1109 1058 ciiiutae
1129 1001 1212 1056 sunt
1238 981 1398 1072 ochrerc,
1415 982 1563 1058 bracteae
1581 1009 1721 1085 quoqne
1738 986 1872 1088 pubes·

362 1132 481 1189 centes
496 1110 553 1186 vel
571 1109 699 1184 ciiiatae
725 1133 800 1184 esse
817 1108 941 1182 scient.
968 1107 1093 1182 Nereis
1118 1125 1236 1180 antem
1252 1131 1389 1208 semper
1415 1105 1581 1182 differunt
1599 1109 1748 1184 bracteae
1765 1107 1776 1198 ’,
1794 1108 1871 1210 qui·

359 1238 447 1329 bns,
477 1235 506 1310 si
524 1235 611 1322 utti,
640 1233 815 1334 paralieies
835 1249 967 1311 tantum
992 1251 1072 1306 sant
1100 1231 1200 1306 nervi
1223 1228 1583 1331 longitndinaiesque,
1608 1257 1786 1333 nunquam
1803 1259 1867 1307 nu·

270 1435 273 1442 ,
359 1379 433 1436 tem
462 1359 657 1436 transversi.
682 1357 769 1448 Qum
798 1375 932 1432 tenturn
950 1353 1212 1456 quodammodo
1239 1372 1275 1428 et
1303 1351 1420 1428 colore
1444 1353 1549 1429 viridi
1573 1354 1657 1430 folia
1689 1355 1871 1448 referunt,

357 1485 515 1584 margine
532 1507 783 1582 nonnunquam
799 1479 952 1580 gaudent
974 1478 1266 1568 membranaceo,
1291 1476 1489 1578 paiiidovel
1504 1477 1662 1554 decolori
1693 1481 1765 1573 (Ρ.
1787 1479 1872 1553 Vir·

357 1607 565 1709 giniannm)
583 1625 619 1680 et
643 1605 750 1683 serius
763 1627 856 1702 supe
870 1603 986 1679 colore
1002 1627 1177 1702 purpureo
1197 1601 1387 1702 tinguntur.
1408 1603 1480 1696 (P.
1499 1603 1681 1678 Orientale
1696 1663 1706 1696 ‚
1721 1611 1819 1700 etc.)

406 1730 562 1804 Bracteae
587 1730 791 1830 pierumque
812 1725 941 1800 diutius
968 1726 1157 1826 persistunt
1174 1751 1214 1800 ac
1232 1723 1369 1800 ochreae
1392 1745 1426 1800 et
1449 1751 1586 1828 semper
1612 1726 1780 1828 integrm,
1800 1751 1868 1802 nec

362 1873 514 1950 unquam
531 1851 676 1938 laceroe,
692 1867 899 1937 remensum
935 1849 970 1922 in
988 1849 1033 1922 P.
1050 1847 1182 1947 Alpino
1198 1873 1232 1924 vs
1249 1873 1285 1950 g.
1302 1867 1338 1932 et
1355 1847 1510 1925 affinibus
1530 1849 1670 1924 ochreae
1688 1875 1769 1924 mon
1786 1875 1867 1924 om·

357 1972 442 2046 nino
461 1973 681 2063 dilabuntur,
697 1973 782 2048 dum
801 1973 949 2048 bracteae
976 1971 1244 2050 ochreaefotmes
1261 1991 1382 2048 contra
1399 1975 1503 2050 etinm
1521 1992 1660 2073 peracta
1683 1971 1868 2050 fructifica·

357 2097 454 2172 tione
473 2095 587 2174 adhuc
604 2097 799 2198 persistant.
824 2139 871 2152 —
889 2097 930 2168 ln
947 2094 1126 2196 P-uiygcni
1152 2094 1351 2182 Persicnrim
1376 2096 1540 2172 varietate
1566 2096 1690 2172 incana
1711 2097 1868 2173 bracteas

357 2219 486 2320 saepius
515 2219 714 2294 rudimento
739 2219 816 2295 tutti
840 2219 979 2294 linearis
1006 2217 1206 2294 terminares
1232 2218 1375 2310 inueni,
1405 2218 1501 2320 quod
1525 2220 1672 2322 probare
1706 2220 1865 2316 videtur,

356 2343 512 2418 bracteas
540 2344 804 2446 Polygcnornm
821 2370 892 2418 non
909 2341 1074 2417 soliorum
1092 2342 1155 2418 sed
1173 2343 1376 2420 ochrecnrm
1395 2345 1511 2418 lucum
1528 2365 1671 2436 tenere,
1701 2343 1867 2420 sotiorum

356 2465 495 2542 laminis
515 2468 639 2542 abortu
659 2467 926 2554 deficientibus3
946 2467 1166 2567 quodetiam
1191 2467 1325 2568 optime
1349 2468 1511 2568 cungnrit
1535 2493 1617 2541 cunr
1632 2493 1700 2550 eo,
1719 2466 1815 2569 quod
1830 2467 1867 2541 in

355 2589 397 2662 tt.
417 2590 581 2665 annulari
618 2591 945 2680 animadvertimus,
985 2591 1092 2689 cujus
1135 2591 1287 2669 bracteae
1315 2590 1603 2684 ochreaeiormes,
1642 2590 1727 2668 folia
1745 2590 1866 2666 adhuc
2004 2653 2008 2662 .
2142 2639 2146 2648 ,

270 2803 275 2812 ¹
354 2711 559 2815 pierumque
576 2735 759 2818 gerentes,
787 2715 885 2792 nulio
910 2713 1019 2792 modo
1032 2715 1076 2792 ab
1092 2713 1231 2791 ochrsis
1243 2715 1327 2819 ipsis
1342 2713 1494 2792 discerni
1512 2731 1668 2818 possunt.

558 2857 653 2922 essu

518 3357 536 3407 ⁴.
553 3246 579 3374 ¹.
679 3303 778 3382 vnn
817 3305 1027 3389 orturus
1069 3257 1548 3390 rnucrmtcnrtouts.

342 3733 343 3736 Ἴ
408 3629 686 3730 Polygonenrum
728 3629 831 3704 flores
857 3647 1017 3704 constant
1040 3652 1061 3703 e
1083 3628 1266 3733 perigenio
1293 3629 1472 3732 simplici,
1504 3625 1709 3724 staminibus
1741 3629 1804 3709 36
1832 3647 1868 3706 ct

357 3753 476 3832 orario
494 3753 550 3830 tel
563 3779 761 3855 compresso
779 3754 834 3830 rel
858 3753 1036 3854 triquetro.

779 4051 807 4122 t.
835 4049 968 4150 δαίμ.
1008 4043 1271 4146 (Perr'gcnt'um
1299 4041 1436 4142 unt.)

407 4319 516 4421 Caiyr
534 4321 570 4393 in
588 4317 721 4416 Raris,
747 4317 951 4393 Bumicidus
966 4317 1111 4418 eiiisque
1128 4315 1231 4415 hujus
1247 4314 1380 4391 ordinis
1397 4316 1605 4418 generibus,
1629 4321 1669 4394 6·
1693 4315 1859 4418 pertitus,

357 4442 496 4520 laciniis
515 4443 622 4517 tribus
649 4441 872 4516 interioribus
892 4467 971 4516 cum
989 4441 1100 4515 tribus
1129 4439 1361 4514 celerantibus
1384 4441 1550 4530 altaris,
1574 4439 1789 4515 aestivaticne
1802 4440 1858 4514 al·-

359 4567 539 4642 ternutive.
558 4565 826 4666 Polygunorum
841 4563 940 4664 cniyx
959 4563 1206 4665 monophyllus
1225 4561 1419 4662 persistens,
1437 4561 1640 4662 pierumque
1658 4563 1859 4649 curnilinus,

359 4687 436 4788 pius
454 4688 508 4766 vel
525 4689 639 4762 minus
653 4687 828 4786 profunde
848 4689 941 4764 3-5-
965 4687 1133 4786 partitus,
1153 4686 1326 4788 pcdicelio
1343 4681 1469 4759 insidet
1487 4686 1606 4774 tenui,
1625 4685 1727 4760 variae
1745 4683 1863 4784 longi·
1911 4771 1915 4780 ³

339 4809 511 4904 =tudinis,
527 4811 564 4885 in
581 4810 700 4913 pnucis
717 4809 899 4910 speciebus
916 4809 1118 4900 articulato,
1140 4809 1255 4912 primo
1271 4825 1413 4897 erecto,
1433 4807 1561 4882 deinde
1577 4808 1704 4908 saepius
1721 4807 1859 4884 deflexo
