4722 6076
1015 557 1030 644 t
1082 578 1126 648 27
1180 554 1196 643 )

351 719 428 778 tuor
456 703 524 794 (in
544 703 584 774 P.
604 701 744 800 gracili,
763 701 808 772 tt.
826 701 983 790 Brona)
1003 703 1045 787 5,
1066 699 1108 786 6,
1128 725 1171 794 7,
1191 719 1225 772 et
1244 704 1286 788 ts,
1317 717 1500 772 occurrunt
1518 695 1614 771 etita
1632 697 1794 798 quidem,
1819 715 1856 770 ut

350 825 363 898 i
406 819 532 900 saum.
551 825 667 924 specie
688 850 848 898 numerus
867 825 1028 899 delinitus
1050 841 1083 896 et
1101 825 1180 898 satis
1199 843 1358 899 constans
1375 823 1429 896 sit.
1447 822 1580 914 Quibus
1595 815 1788 926 ‚erebenium
1806 844 1856 898 est

351 853 572 1047 rryiquetrum,
601 947 642 1021 iis
660 948 861 1048 plerumque
892 967 972 1021 octo
1003 967 1081 1022 sunt
1106 951 1275 1036 stamina;
1306 967 1339 1027 st
1370 949 1437 1020 hoc
1456 948 1499 1022 de
1518 947 1647 1046 majore
1664 947 1858 1048 specierum

350 1098 496 1146 numero
519 1072 620 1145 valet.
649 1072 722 1144 Ubi
743 1072 777 1143 in
802 1097 929 1172 genere
957 1074 1137 1172 Polygoao
1153 1074 1299 1148 stamina
1325 1097 1544 1146 numeramus
1562 1093 1664 1160 octo,
1693 1062 1742 1144 ibi
1756 1074 1855 1172 calyx

350 1195 527 1270 inuenitur
548 1201 591 1272 5-
609 1196 752 1295 partitus
765 1201 787 1290 ¹(
798 1197 915 1294 paucis
942 1195 1081 1296 quidem
1101 1197 1283 1296 speciebus
1302 1197 1474 1294 exceptis,
1493 1221 1635 1296 quarum
1655 1197 1752 1296 calyx
1768 1196 1858 1271 forte

351 1325 396 1406 4-
422 1317 510 1390 lidus
541 1319 711 1402 occurrit,
741 1347 775 1392 v.
803 1343 836 1418 g.
863 1323 900 1394 P.
928 1317 1171 1418 acuminato),
1207 1321 1409 1394 staminibus
1440 1325 1461 1395 5
1490 1347 1569 1394 cnm
1595 1320 1727 1396 laciniis
1753 1321 1857 1394 alter-

350 1444 512 1517 nantibus
536 1463 569 1518 et
591 1444 697 1516 tribus
721 1443 859 1542 reliquis
878 1443 1032 1516 faciebus
1058 1443 1196 1517 acbenii
1222 1444 1414 1542 sepalisepre
1431 1443 1651 1517 interioribus
1678 1443 1858 1543 oppositis.

353 1565 438 1660 (Cl.
466 1567 533 1642 tab.
558 1569 620 1640 Ν.
638 1568 685 1640 Ο.
706 1587 740 1640 et
768 1569 812 1638 R.
831 1571 887 1665 sig.
907 1595 940 1638 a.
965 1585 1010 1638 et.
1023 1568 1064 1639 P.
1086 1564 1112 1638 l.
1129 1569 1192 1662 3.)
1219 1567 1257 1642 Si
1277 1593 1359 1640 vero
1386 1567 1569 1642 aclrenium
1595 1592 1857 1665 compressum,

352 1690 466 1765 rarius
479 1710 530 1764 est
546 1709 611 1764 tam
626 1691 810 1770 staminum
825 1715 928 1788 quam
943 1689 1071 1788 calycis
1084 1690 1286 1768 luniciacum
1298 1691 1552 1779 nanterus,sed
1568 1710 1638 1762 tum
1656 1691 1859 1792 plerumque
1962 1777 1975 1786 ἡ

351 1811 514 1886 liadsunt
532 1814 697 1902 stamina,
726 1829 873 1910 quorum
899 1819 1018 1888 5cum
1036 1814 1166 1911 calycis
1194 1815 1328 1888 laciniis
1354 1815 1521 1888 ubernent
1539 1833 1573 1887 et
1601 1834 1735 1886 sextum
1760 1811 1859 1887 alteri

352 1934 489 2012 achenii
519 1934 618 2008 lateri
647 1938 833 2036 sepaloqae
860 1937 1070 2036 oppositum.
1097 1939 1136 2010 Si
1162 1936 1345 2010 staminum
1376 1962 1538 2009 numerus
1562 1934 1690 2034 calycis
1720 1935 1859 2010 lacinias

351 2060 512 2165 ercedit,
541 2081 611 2132 tum
639 2087 758 2134 eorum
778 2073 801 2150 4
821 2080 877 2136 aut
896 2064 918 2134 5
945 2087 1024 2132 curn
1043 2062 1109 2133 illis
1127 2061 1256 2134 alterna
1273 2078 1307 2132 et
1325 2059 1454 2158 reliqua
1473 2059 1554 2158 ipsis
1576 2059 1857 2158 opposita'inve·

353 2187 506 2258 niuntur.
534 2185 665 2284 lgitur,
693 2186 720 2260 si
740 2189 761 2258 5
782 2203 914 2258 tantum
932 2184 1055 2258 adsunt
1073 2183 1217 2256 stamina
1236 2183 1296 2274 (in
1312 2181 1430 2280 calyce
1444 2185 1487 2255 5-
1499 2181 1569 2254 fido
1583 2183 1617 2279 ),
1634 2182 1755 2256 omnia
1773 2181 1860 2256 laci·

350 2313 419 2385 niis
451 2327 530 2384 sunt
550 2312 697 2394 alterna,
728 2307 888 2406 opposita
919 2307 1010 2380 nulla
1039 2309 1110 2399 (P.
1128 2304 1356 2405 amplribium,
1372 2310 1484 2400 etc.);
1510 2306 1537 2378 si
1561 2324 1717 2407 septem,
1747 2307 1860 2378 tum5

351 2455 432 2508 sunt
461 2436 591 2528 alterna
621 2454 653 2507 et
678 2432 746 2505 dun
765 2430 924 2530 opposita
942 2433 1010 2525 (P.
1029 2431 1249 2523 Orientale).
1279 2431 1319 2502 ln
1337 2431 1376 2500 P.
1392 2427 1620 2526 virginiana,
1646 2427 1742 2525 cuj'ns
1760 2428 1864 2526 calyx

353 2567 397 2649 4-
416 2559 585 2658 partitus,
616 2557 800 2646 stamina4
819 2581 897 2628 cum
917 2555 1050 2628 laciniis
1068 2552 1234 2652 calycinis
1250 2552 1419 2628 alternant
1449 2567 1483 2624 et
1507 2551 1672 2649 quintam
1684 2549 1862 2624 lateri'uni

353 2681 489 2758 acheoii
507 2681 693 2781 sepaloqae
709 2679 939 2777 antepositum
959 2698 1023 2752 est.
1043 2679 1084 2748 In
1106 2677 1281 2776 Polygoni
1299 2673 1502 2752 Persicariae
1520 2669 1740 2748 var'ietatibus
1770 2675 1867 2772 lapa-

352 2805 490 2881 tbisolio
510 2824 543 2877 et
558 2785 684 2879 inc'auo
698 2801 886 2901 saepissime
915 2802 1013 2900 'calyx
1030 2803 1203 2884 invenitur
1215 2811 1256 2891 4·
1271 2799 1369 2890 fidus,
1385 2798 1518 2878 laciniis
1532 2823 1611 2871 cum
1625 2797 1830 2874 staminibus
1844 2803 1869 2886 4

354 2930 601 3004 alternantibus
626 2948 661 3002 et
674 2926 879 3002 staminibus
898 2925 1034 2998 duobus
1053 2924 1194 3024 reliquis
1212 2923 1348 2998 aclrenii
1365 2923 1521 2997 faciebus
1538 2921 1734 3022 sepelisque
1752 2947 1870 3020 oppo-

353 3053 438 3128 sitis.
462 3055 502 3124 In
533 3050 792 3132 P..acuminato
816 3050 914 3147 calyx
938 3051 1143 3148 plerumque
1159 3063 1198 3139 4·
1219 3046 1363 3148 partitus
1385 3024 1594 3126 etstanrioa
1610 3065 1692 3119 octo
1719 3043 1866 3140 adsunt,

353 3202 500 3278 quorum
522 3185 547 3265 4
575 3173 712 3252 laciniis
727 3173 856 3251 alterna
875 3191 907 3244 et
928 3191 1074 3270 quatuor
1091 3170 1215 3245 iisdem
1232 3170 1393 3269 opposita
1410 3189 1501 3243 sunt.

404 3298 599 3373 Staminum
635 3321 819 3386 numerus,
850 3295 913 3368 etsi
941 3296 976 3367 in
1003 3295 1146 3394 singulis
1172 3293 1375 3393 speciebus,
1399 3293 1588 3392 praesertim
1615 3291 1740 3392 quibus
1761 3295 1870 3368 ucbe-

352 3423 449 3523 nium
477 3423 681 3521 triquetrum
706 3439 741 3493 et
770 3419 918 3494 stamina
943 3437 1025 3493 octo
1051 3437 1145 3509 sunt,
1172 3417 1253 3492 satis
1275 3435 1474 3492 constanter
1491 3415 1585 3490 idern
1600 3415 1774 3505 sit,baud
1791 3443 1871 3492 raro

353 3567 468 3624 tamen
500 3546 561 3642 (in
585 3529 750 3619 Sectione
769 3543 957 3620 Persicaria
982 3542 1124 3632 saltem,
1156 3561 1190 3614 et
1216 3540 1357 3639 quidem
1381 3539 1564 3638 speciebus
1590 3538 1737 3612 acbeaio
1764 3564 1860 3614 com·

354 3695 471 3772 presso
497 3669 699 3762 distinctis)
726 3668 840 3742 minus
867 3687 979 3740 certus
1007 3664 1189 3766 reperitur.
1215 3664 1268 3741 lta
1290 3662 1339 3764 ill.
1364 3664 1408 3734 de
1430 3661 1627 3736 Humboldt
1648 3657 1691 3736 P:
1714 3662 1868 3738 accumi-

356 3813 474 3870 natnm
505 3793 703 3893 designat:
741 3825 758 3860 a
786 3790 928 3866 floribus
954 3787 1256 3877 suboctandris»,
1291 3829 1337 3846 -
1372 3806 1405 3860 et
1440 3787 1514 3886 ipse
1547 3786 1581 3859 in
1616 3785 1741 3862 eadem
1774 3813 1867 3886 saepe

355 3919 449 4018 spica
476 3918 652 4018 Polygoni
676 3916 873 3990 Persicariae
898 3935 931 3988 et
952 3915 1056 3988 flores
1080 3912 1274 3988 herandros
1298 3917 1470 4009 (tumque
1495 3910 1645 4009 digynos
1663 3931 1697 3984 et
1716 3909 1862 3985 aelrenio

354 4066 554 4142 compresso
572 4040 765 4142 praeditos)
792 4059 827 4113 et
844 4039 1029 4114 octandros
1053 4043 1153 4132 (turn
1177 4061 1260 4110 vero
1288 4035 1446 4134 trigynos
1464 4053 1497 4107 et
1523 4034 1672 4106 acbenio
1698 4033 1869 4134 triquetro

350 4170 564 4261 instructos)
597 4166 725 4239 iuueni.
755 4165 928 4237 Numerus
955 4162 1143 4236 staminum
1169 4160 1276 4260 igitur
1292 4157 1554 4258 quodammodo
1580 4183 1598 4231 e
1624 4183 1769 4232 numero
1796 4183 1872 4236 car·

351 4291 548 4390 pallorum,
574 4291 697 4390 quibus
720 4289 874 4362 orarium
907 4285 1152 4372 constituitur,
1182 4282 1335 4382 pendere
1361 4282 1518 4369 uidetur,
1541 4281 1628 4354 sicut
1658 4281 1749 4354 inter
1765 4281 1871 4356 ambo

358 4437 496 4513 quoque
522 4437 658 4512 semper
685 4412 864 4486 harmonia
891 4409 1055 4511 quaerlam
1079 4408 1288 4483 observatur.
1313 4405 1353 4479 Si
1379 4405 1413 4478 in
1438 4406 1557 4504 calyce
1581 4411 1625 4494 4-
1644 4424 1703 4480 aot
1722 4408 1766 4478 5-
1787 4431 1865 4504 par·

357 4539 422 4612 tito
446 4537 591 4612 stamina
619 4555 720 4626 octo,
755 4554 812 4608 aut
844 4535 878 4606 in
909 4533 1028 4631 calyce
1059 4533 1097 4604 5-
1121 4531 1252 4629 partito
1278 4528 1464 4602 staminali
1494 4527 1636 4613 adsunt,
1665 4525 1869 4622 symmetria

359 4663 453 4735 floris
485 4661 580 4762 quasi
609 4659 761 4759 perlecta
792 4663 863 4750 ist,
902 4659 1040 4732 sivero
1074 4657 1095 4729 5
1130 4672 1267 4726 tantum
1298 4669 1453 4740 exstuat,
1481 4673 1616 4750 semper
1643 4647 1866 4745 imperfecta,

360 4785 440 4883 quia
465 4783 561 4861 alteri
587 4783 685 4858 lateri
707 4779 845 4868 acbenii
877 4779 1069 4880 compressi
1093 4796 1226 4884 stamen
1246 4800 1346 4851 suum
1371 4772 1599 4874 antepositum
1618 4769 1728 4844 deest.
1755 4772 1873 4862 Quare
