4596 6052
1206 675 1479 772 tto).

548 827 623 904 basi
639 851 731 928 snepe
755 825 934 916 redicens,
953 824 990 900 in
1014 823 1170 924 pluribus
1195 824 1377 924 speciebus
1406 822 1591 913 volubilis,
1609 822 1730 922 glaber
1741 819 1796 898 vel
1814 819 1909 898 vario
1939 817 2043 894 modo
2065 938 2068 944 Ι

546 952 762 1050 pubescens,
788 973 1047 1056 nonnunquam·
1061 945 1234 1048 glandulis
1256 946 1399 1024 obsitus.

594 1073 826 1164 Internodia,
862 1099 939 1174 quae
971 1071 1189 1172 longitudine
1224 1049 1305 1146 snn't
1341 1065 1594 1159 diversissima,
1619 1067 1684 1144 etsi
1714 1065 1750 1140 in
1780 1065 1899 1168 quavis
1925 1064 2041 1165 specie

545 1217 673 1274 certant
692 1194 946 1296 longitudinem
971 1193 1065 1270 haud
1095 1193 1288 1284 excedunt,
1310 1194 1386 1295 ipsa
1408 1211 1504 1268 recta
1525 1217 1605 1266 cunt
1625 1190 1733 1267 altero
1757 1215 1850 1290 saepe
1884 1189 2044 1290 angulum

545 1319 698 1394 efficiunt
713 1319 789 1418 plus
807 1320 862 1395 vel
889 1317 1003 1392 minus
1022 1318 1185 1392 obtusum
1215 1327 1232 1415 (
1242 1315 1347 1393 caulis
1360 1313 1614 1414 geniculatus).
1637 1312 1697 1387 Ad
1718 1311 1831 1386 nodos
1848 1311 1943 1411 ipsos
1960 1336 2044 1384 non·

545 1467 721 1540 nunquam
740 1439 923 1516 incrassata
948 1459 1039 1532 sunt,
1060 1465 1168 1540 eaque
1185 1423 1272 1515 mort
1297 1437 1389 1517 nuda
1415 1437 1599 1529 videmus,
1629 1461 1721 1510 mox·
1745 1433 1882 1510 ochreis
1899 1435 2042 1508 omniuo

543 1563 759 1639 abscondita.
787 1563 827 1638 Si
848 1563 987 1637 unicam
1011 1563 1204 1640 sectionem
1229 1562 1456 1639 Bistortarum
1473 1545 1648 1660 excipias,
1678 1583 1757 1656 qum
1785 1557 1918 1661 caulem
1935 1555 2042 1654 habet

484 1717 488 1724 ·
543 1685 712 1778 unicum,
736 1683 1050 1783 simplicissimum,
1081 1683 1393 1784 monostachyum,
1413 1683 1553 1783 reliquae
1572 1675 1706 1782 species
1723 1703 1845 1754 omues
1862 1678 1973 1778 magis
1991 1675 2046 1751 vel

543 1809 657 1882 minus
675 1831 819 1884 ramosae
846 1825 948 1898 sunt,
976 1807 1078 1882 ramis
1108 1807 1402 1882 adscendentibus
1426 1805 1481 1880 vel
1500 1804 1721 1889 divaricatis,
1757 1799 1973 1902 simplicibus
1990 1797 2045 1871 vel

536 1929 659 2004 “denno
685 1930 849 2018 ramosis,
888 1955 982 2003 nunc
1014 1930 1274 2004 inflorescentin'
1300 1927 1509 2018 terminatis,
1539 1952 1652 2014 nunc,
1679 1953 1761 2004 curn
1803 1925 1838 1998 in
1879 1922 2062 1998 loliorum.¹

541 2052 653 2130 axillis
671 2070 877 2140 nascuntur,
908 2050 1106 2126 indefinitis.

592 2173 736 2245 chreoe
753 2179 769 2268 (
786 2174 922 2272 vaginae
941 2174 1096 2264 Gmelin,
1115 2170 1344 2278 Pericladium
1364 2173 1456 2244 Linlr
1471 2227 1481 2261 ,
1499 2170 1635 2270 stipulae
1649 2197 1719 2247 var.
1738 2187 1837 2258 auct,
1858 2167 1996 2242 ocbreae
2012 2171 2060 2239 v.'

541 2320 653 2370 ocreae
672 2295 835 2392 Willd.)
852 2296 960 2371 varias
979 2295 1167 2370 ostendunt
1191 2295 1227 2368 in
1246 2295 1346 2368 variis
1356 2296 1574 2369 ¹sectionibus
1600 2295 1749 2379 formas,
1767 2318 1851 2394 quas
1867 2313 1984 2395 tamen
2002 2289 2048 2362 ad

539 2442 678 2493 normas
699 2420 890 2517 praecipuas
908 2438 975 2492 tres
990 2418 1116 2492 referre
1130 2416 1221 2494 licet.
1238 2416 1482 2515 vulgatissima
1495 2436 1545 2491 est
1562 2415 1674 2491 lorma
1686 2415 1876 2514 cylindrica
1888 2413 2047 2512 vaginae-

538 2539 801 2639 lormis,..cujus
818 2541 928 2618 varias
942 2537 1326 2616 modificationesinsre
1343 2539 1449 2615 satius
1467 2565 1643 2642 exponere
1656 2539 1821 2613 conabor.

1087 2786 1116 2834 t.
1132 2760 1505 2866 chreoecylindricoe.
1618 2837 1625 2856 ,

588 2955 619 3028 Α
647 2977 854 3054 quocunque
890 2951 986 3026 nodo
1011 2954 1211 3031 membrana
1229 2958 1337 3031 oritur
1355 2957 1467 3032 tenuis
1491 2957 1634 3032 decolor
1647 2957 1701 3030 vel
1720 2981 1762 3029 er
1791 2954 2048 3031 albida-virens

536 3075 592 3153 vel
611 3075 829 3164 luscescens,
862 3075 1038 3174 pellucida
1053 3094 1109 3152 unt
1131 3077 1393 3179 subdiaphuna,
1411 3079 1506 3154 nodo
1526 3081 1591 3179 ipsi
1604 3078 1678 3154 basi
1690 3079 1836 3167 adnata,
1855 3077 1937 3151 inde
1957 3103 2045 3153 cau-

537 3197 605 3271 lem
628 3194 929 3294 (internodium)
962 3223 1041 3271 mox
1063 3199 1186 3273 arctius
1214 3227 1298 3274 mox
1317 3203 1424 3279 larius
1443 3202 1670 3291 circumdans,
1688 3201 1809 3274 lolium
1828 3226 1921 3273 nunc
1933 3200 2047 3299 petio·

536 3320 643 3396 latum
656 3320 874 3394 nuncsessile
884 3345 1019 3419 gerens,
1033 3321 1250 3420 longitudine
1265 3326 1300 3397 in
1315 3327 1416 3402 variis
1428 3325 1609 3424 speciebus
1622 3324 1725 3412 varia,
1734 3311 1889 3422 margine
1902 3322 2042 3422 integro

537 3444 634 3544 quasi
652 3443 890 3516 circumscisso
904 3444 959 3518 vel
974 3464 1134 3519 truncato
1154 3427 1333 3524 terminata
1344 3501 1354 3534 ,
1367 3446 1513 3522 cavitate
1526 3471 1585 3520 sua
1601 3452 1706 3545 (quae
1720 3446 1817 3518 caule
1832 3462 1987 3518 extracto
2010 3467 2046 3515 re

536 3590 618 3641 vera
635 3567 756 3638 tubum
774 3565 1006 3664 cylindricum
1019 3568 1160 3643 exhibet
1174 3573 1190 3665 )
1204 3569 1337 3646 caulem
1350 3568 1538 3667 excipiens.
1554 3569 1727 3644 Numerus¹
1740 3592 1941 3648 nervorum,
1962 3565 2039 3666 qui·

538 3687 604 3760 bus
632 3687 840 3786 percurritur
858 3686 933 3760 hoec
959 3689 1157 3784 membrana
1172 3691 1388 3782 tubilcrmis‚
1409 3717 1428 3763 e
1445 3690 1578 3790 stipulis
1592 3689 1724 3766 duabus
1738 3690 1827 3762 inter
1840 3714 1876 3762 se
1902 3708 1937 3761 et
1956 3715 2038 3763 cum

542 3807 674 3909 petiolo
693 3807 770 3881 totit
796 3807 953 3883 connatis
979 3808 1148 3896 formata,
1179 3812 1290 3892 vatius
1309 3813 1451 3914 quidem
1477 3834 1545 3904 est,
1578 3839 1698 3888 eorum
1727 3810 1912 3911 dispositio
1929 3831 2047 3887 antem

538 3931 696 4008 maxime
719 3928 853 4006 eadem.
877 3932 926 4004 Hi
949 3933 1047 4007 nervi
1071 3935 1253 4012 manifeste
1272 3962 1350 4011 cnm
1375 3937 1417 4010 iis
1436 3938 1558 4037 petioli
1579 3935 1737 4010 continui
1763 3954 1895 4008 suntet
1918 3961 1960 4008 ex
1976 3935 2045 4008 hoc

542 4053 625 4125 oriri
647 4052 700 4128 vel
715 4052 751 4125 in
771 4077 850 4124 eum
865 4054 1005 4128 transire
1014 4053 1187 4131 videntur.
1204 4057 1339 4133 Eorum
1350 4057 1597 4148 validissimos,
1610 4059 1646 4132 in
1659 4061 1804 4160 utroque
1822 4059 1927 4133 latere
1941 4083 1961 4132 e
1978 4084 2039 4157 pc·

542 4173 629 4247 tiolo
647 4193 886 4264 excurrentes,
899 4199 1024 4248 neruos
1036 4193 1250 4252 transversos
1263 4181 1319 4256 v'el
1336 4185 1629 4257 communicantes
1645 4208 1769 4259 vocare
1783 4182 1936 4282 placeat,
1952 4207 2045 4272 cum,

543 4313 602 4370 aut
614 4293 874 4370 boriaontaliter
890 4315 948 4370 ant
961 4299 1100 4399 oblique
1110 4302 1387 4395 descendentes,
1404 4306 1524 4379 tubum
1538 4305 1735 4405 stipularem
1748 4304 1957 4401 (ochreant)
1972 4329 2045 4376 am·

541 4417 2044 4527 biantetincaparte‚quaeapetioloremotissimauterqnecumnervoanalogoalterius

544 4541 659 4616 lateris
674 4542 710 4615 in
723 4540 888 4641 angulum
903 4543 978 4642 plus
990 4545 1165 4621 veltuiuus
1179 4568 1318 4624 acutum
1333 4549 1559 4626 conniventes
1570 4569 1602 4624 et
1616 4569 1697 4624 tunc
1707 4549 1916 4626 anastomosi
1929 4545 2041 4646 juncti

547 4661 670 4734 tubum
688 4665 735 4740 ita
750 4665 786 4737 iu
805 4688 909 4738 zonas
934 4665 1037 4758 duaS,
1055 4667 1195 4746 alteram
1214 4674 1446 4774 superiorem,
1466 4673 1605 4750 alteram
1623 4671 1822 4748 interiorem
1837 4670 1995 4747 dividant
2007 4687 2053 4742 et·

548 4779 689 4874 demum
700 4785 769 4884 jam
784 4785 924 4862 unicum
949 4788 1055 4866 modo
1073 4795 1322 4876 constituentes
1339 4793 1385 4874 nd
1402 4783 1475 4898 ejus
1491 4796 1590 4876 basin
1603 4796 1815 4875 descendunt
1827 4797 1896 4894 (r).
1913 4795 2045 4870 Praeter

588 5023 703 5105 (1)Ct'.
726 5023 805 5087 Tib.
831 5027 873 5105 V,
891 5027 942 5110 fig.
965 5037 1070 5111 ¹²·14·
