4722 6076
1009 570 1028 664 (
1080 593 1122 670 ¹7
1173 568 1191 665 )

354 712 443 790 tiore
459 731 495 790 et
520 713 720 792 obscuriore
735 732 859 792 ornnta
880 739 985 817 quum
1006 715 1153 794 inferior
1170 773 1182 810 ,
1199 717 1326 793 lectior
1340 739 1482 820 quoque
1502 735 1556 792 est
1578 717 1777 820 saepiusque
1801 719 1874 823 gla-

355 839 527 931 berrima‚
553 841 638 916 dum
674 839 877 916 inferiorem
901 842 1050 942 pilosam
1066 842 1258 923 videamus·
1276 845 1405 920 Paucae
1421 840 1557 944 species
1572 843 1709 944 glauce
1725 865 1820 920 sunt.

308 1016 312 1026 .
404 963 586 1038 Foliorum
602 963 753 1039 directio
773 964 979 1042 vernatione
995 989 1134 1064 semper
1146 987 1283 1060 erecta,
1300 965 1431 1043 deinde
1447 965 1540 1045 varin
1557 985 1629 1057 est,
1645 986 1789 1068 putens3
1806 967 1872 1046 ad·

356 1085 757 1164 scen'densnutdellexa.
775 1092 816 1164 lu
833 1090 990 1165 sectione
1011 1090 1168 1168 Tiniario
1186 1097 1202 1189 (
1219 1091 1413 1194 Polygonis
1430 1091 1659 1182 volubilibus,
1675 1093 1874 1191 prcesertim

355 1211 398 1286 Ρ.
415 1210 588 1305 cilinodi,
605 1211 651 1288 cs.
669 1215 758 1292 Tnb.
777 1235 813 1307 v,
836 1215 896 1318 lig.
919 1220 1011 1314 no.)
1037 1216 1121 1292 lolia
1149 1241 1287 1320 semper
1308 1217 1492 1294 retrudere
1515 1235 1620 1308 suut,
1657 1215 1729 1307 ita,
1763 1237 1801 1294 ut
1839 1217 1876 1292 iu
2031 1217 2034 1220 ’

357 1334 462 1410 rumis
491 1335 784 1414 adscendentibus
816 1357 966 1431 terram,
991 1340 1027 1415 in
1061 1342 1224 1441 pendulis
1253 1361 1370 1420 autem
1400 1342 1539 1417 coelum
1568 1341 1671 1441 apice
1705 1359 1876 1442 spectent.

357 1459 459 1532 -in
480 1460 637 1536 sectione
654 1461 852 1538 Aniculnria
877 1464 1003 1563 saepius
1020 1484 1099 1539 sunt
1115 1466 1289 1568 adpressa.
1308 1469 1378 1556 (tt
1394 1465 1636 1553 maritimum.)
1651 1505 1690 1522 -
1704 1465 1803 1541 Folia
1821 1465 1877 1540 vel

357 1602 440 1658 ante
457 1583 513 1659 vel
528 1604 608 1686 post
625 1585 931 1664 fructificationem
960 1589 996 1663 iu
1022 1589 1129 1668 caulis
1155 1591 1228 1667 bosi
1251 1617 1464 1668 marcescere
1485 1611 1542 1669 aut
1566 1591 1676 1669 dilabi
1693 1591 1878 1693 incipiunt.

358 1707 401 1781 ln
427 1709 634 1810 quibusdum
667 1711 851 1814 speciebus
870 1717 939 1810 (P.
957 1713 1212 1815 equisetiiormi
1230 1715 1543 1819 aliisqueejusdem
1559 1715 1753 1810 sectionis)
1774 1739 1881 1814 quant

358 1833 514 1908 maxime
526 1834 663 1937 fugacia
675 1839 819 1913 suntvel
836 1861 975 1940 quoque
991 1839 1138 1916 omniuo
1151 1839 1363 1916 oboriuntur.
1370 1843 1410 1916 P.
1421 1840 1683 1944 equisetiiorme
1696 1865 1717 1916 e
1730 1839 1875 1928 Corsica

360 1955 454 2033 houd
466 1958 566 2034 aliter
583 1985 735 2062 unquam
753 1967 794 2038 nc
811 1961 906 2037 loliis
923 1963 1069 2040 omniuo
1086 1963 1305 2043 carensvidi.

272 2123 274 2130 ,
411 2082 512 2159 Folia
529 2083 567 2157 in
585 2086 779 2187 Polygonis
795 2087 999 2162 vernatione
1028 2090 1148 2166 omnio
1174 2089 1333 2192 margine
1359 2089 1514 2167 revoluta
1529 2107 1633 2181 sunt,
1659 2113 1759 2190 mque
1776 2111 1819 2163 oc
1844 2088 1881 2162 iu

362 2205 438 2282 eliis
454 2208 640 2306 generibus
665 2210 823 2309 ejusdem
839 2209 974 2287 ordinis
987 2266 999 2303 ,
1010 2212 1160 2312 -quod
1176 2237 1290 2316 supra,
1312 2213 1605 2316 germinationem
1624 2233 1772 2293 nectens
1785 2267 1797 2305 ‚
1812 2211 1884 2312 jam

362 2329 540 2408 adnotavi.

666 2831 748 2907 vn
774 2829 1206 2912 rnruounscuurrn
1231 2831 1298 2909 uu
1323 2773 1590 2922 unicum.

418 3127 578 3222 Quntuor
593 3123 721 3204 modos
738 3125 893 3206 diversos
912 3127 1246 3207 infloresceutinrum
1255 3130 1296 3232 iu
1310 3129 1506 3234 Polygonis
1521 3129 1731 3220 invenimus,
1745 3129 1895 3233 spicam,

370 3253 584 3356 capitulum,
600 3278 777 3329 racemum
795 3271 831 3329 et
847 3253 1047 3356 paniculum
1066 3259 1135 3352 (ι).
1152 3253 1439 3332 Modificntioues
1456 3253 1511 3331 boe
1528 3279 1651 3329 omnes
1667 3252 1713 3329 ud
1731 3253 1895 3330 inflores-

369 3378 501 3470 ceutias
515 3372 712 3454 indefinitas
727 3375 919 3453 referendae
936 3397 972 3453 et
983 3378 1074 3454 hauc
1090 3381 1138 3455 ob
1150 3407 1225 3456 rem
1241 3403 1364 3456 omnes
1380 3377 1644 3482 quodammodo
1658 3405 1678 3454 c
1695 3378 1792 3480 spica
1809 3379 1893 3453 sim·

369 3502 456 3608 plici
474 3499 685 3579 derivandae.
713 3500 914 3606 Capitulum
931 3503 1026 3579 enim
1049 3503 1099 3578 nil
1118 3525 1171 3579 est
1186 3503 1252 3578 nisi
1281 3503 1377 3606 spica
1405 3520 1585 3578 contracta
1609 3501 1746 3602 (spicae
1767 3500 1825 3577 axi
1847 3498 1893 3578 od

370 3649 542 3730 puuctum
572 3627 756 3724 reducto),
774 3652 932 3703 racemus
958 3645 1075 3704 autem
1097 3646 1132 3702 ct
1160 3626 1323 3729 panicula
1348 3655 1369 3706 a
1392 3625 1489 3727 spica
1519 3625 1660 3701 nonnisi
1685 3624 1892 3728 pedunculis

371 3753 591 3856 longioribus
607 3749 820 3852 ramosisque
836 3747 1016 3825 differunt.
1039 3751 1213 3828 Rccemus
1238 3751 1344 3854 igitur
1364 3750 1461 3852 spica
1490 3768 1542 3825 est
1571 3749 1720 3853 simplex
1744 3748 1891 3824 floribus

370 3872 627 3978 pedunculatis,
645 3894 682 3950 et
697 3871 859 3975 panicula
872 3871 967 3974 spica
983 3898 1128 3952 ramosa.
1147 3877 1271 3976 (cujus
1286 3874 1397 3966 rami,
1415 3871 1492 3964 vel,
1515 3874 1612 3976 quod
1628 3873 1738 3968 idem,
1756 3872 1891 3975 pedun-

372 3999 468 4092 culi,
486 3999 612 4076 iterum
634 3998 904 4093 ramilicautur.)
934 3991 1168 4076 Racemorum
1193 3998 1468 4102 compositorum
1495 3997 1802 4102 panicularumque
1832 4022 1892 4072 ra·

374 4125 489 4199 mulos
520 4123 667 4226 spicales
689 4121 836 4197 omnino
868 4121 1025 4216 referre,
1052 4123 1189 4224 juniore
1223 4123 1416 4226 praesertim
1440 4121 1707 4198 indurescentiae
1735 4139 1828 4198 statu
1856 4141 1893 4198 et

373 4269 456 4324 ante
474 4249 600 4322 dorum
631 4245 895 4342 evolutionem,
919 4273 999 4324 cum
1020 4247 1219 4327 internodia
1246 4245 1380 4326 bordin
1407 4245 1522 4326 adhuc
1551 4245 1670 4325 brevic
1699 4265 1809 4338 suut,
1835 4247 1893 4323 vi·

374 4372 543 4452 dendum.

419 4673 470 4750 (ι)
491 4667 647 4754 Quomode
663 4667 695 4731 bi
712 4669 828 4733 termini
847 4667 1052 4753 intelligendi,
1067 4667 1227 4734 ridendum
1243 4667 1276 4731 ln
1292 4668 1380 4731 amici
1397 4665 1433 4731 J.
1450 4665 1592 4751 iioeper:
1611 4665 1893 4732 Observationum

377 4779 406 4840 la
425 4791 528 4841 nature
543 4776 595 4840 det
612 4776 700 4840 lleure
717 4791 746 4840 et
761 4776 813 4841 deu
829 4777 1055 4844 mmmm
1067 4812 1079 4856 3
1092 4778 1124 4842 in
1138 4777 1237 4862 Nec.
1249 4777 1382 4858 &lege
1400 4776 1475 4840 Md.
1491 4777 1558 4840 Bul·
1577 4773 1647 4846 Vol.
1664 4777 1711 4854 11,
1733 4797 1763 4840 a.
1780 4776 1892 4854 ΝΜ,

380 4901 408 4951 et
425 4888 459 4950 iu
476 4887 614 4951 Linnoeo
639 4887 701 4952 N·⁰
720 4889 752 4953 3.

1718 4995 1742 5070 5
