4722 6076
1023 753 1072 848 .(
1125 775 1164 822 rt
1217 747 1235 846 )

363 923 366 928 '
397 905 485 981 daos
502 903 565 1004 bae
581 925 706 978 nervas
719 929 740 978 e
752 902 872 1004 petioli
891 917 988 1002 parte
1005 897 1170 975 inferiore
1189 915 1257 970 tres
1272 911 1330 972 aut
1342 889 1457 993 plnres
1468 893 1565 968 nervi
1579 892 1694 994 paullo
1708 893 1898 996 divergen·

395 1047 448 1102 tes
462 1027 533 1101 tubi
545 1026 642 1100 basia
659 1043 793 1126 petant,
807 1049 914 1127 quos,
928 1050 1009 1101 cum
1021 1021 1157 1098 duabus
1172 1019 1247 1096 aliis
1260 1045 1280 1094 e
1294 1019 1409 1094 nectis
1424 1019 1623 1095 transversis
1635 1021 1720 1094 ortis
1731 1020 1893 1098 eandem·

394 1175 462 1250 que
479 1149 711 1224 directionem
721 1144 1157 1249 sequentibus,commani
1169 1143 1311 1220 nomiae
1330 1167 1516 1216 neruorum
1534 1143 1819 1218 descendentium
1831 1143 1897 1218 de·

394 1272 579 1372 signarem.
607 1271 687 1346 Pari
710 1271 817 1346 arada
834 1297 875 1347 nc
893 1271 1036 1346 inlerior
1054 1295 1142 1344 rana
1163 1266 1320 1367 superior
1344 1291 1482 1366 quaque
1509 1266 1623 1342 nervis
1643 1266 1809 1343 insaucia
1823 1288 1896 1356 est,

391 1419 501 1495 quos,
524 1421 604 1472 cum
627 1421 647 1469 e
673 1421 856 1472 nervorum
872 1416 1140 1470 transrersoram
1157 1412 1229 1466 tota
1243 1389 1521 1466 circumferentia
1534 1415 1656 1466 ornnes
1671 1391 1825 1468 oriantur
1835 1415 1892 1466 su·

391 1519 631 1620 perioremque
652 1517 787 1594 achaeae
805 1517 995 1616 marginem
1009 1535 1140 1615 petant,
1157 1515 1407 1591 adscendentes
1422 1538 1571 1602 nervas,
1585 1515 1808 1614 appellamus.
1820 1513 1899 1590 Dii·

390 1641 508 1718 ierunt
525 1641 886 1718 biadesaendentibus
897 1642 933 1714 in
950 1667 1004 1728 ea,
1015 1639 1111 1739 qaod
1130 1639 1303 1714 tenuiores
1320 1637 1510 1721 sunt,inter
1522 1661 1560 1711 se
1571 1638 1764 1737 paralleliet
1775 1655 1894 1716 exacte

390 1763 714 1866 perpendiculares,
748 1791 826 1838 cum
853 1762 1103 1838 descendentes
1121 1781 1242 1837 cantra
1268 1759 1396 1836 flabelli
1413 1759 1583 1850 adinstar
1593 1760 1757 1838 deorsum
1775 1760 1896 1838 diver·-

389 1887 752 1986 gantlnsectionibus
763 1890 834 1962 istis
844 1887 979 1988 generis
990 1885 1177 1986 Palygani,
1186 1882 1406 1984 qaaeocbreis
1417 1883 1617 1982 cylindriais
1630 1883 1783 1984 gaudent
1796 1887 1896 1982 (Per-

389 2009 519 2088 sicariis
533 2064 544 2099 ,
557 2010 737 2098 Bistartis,
755 2009 1020 2108 Amblyganis)
1046 2033 1133 2080 zona
1155 2007 1311 2107 superior
1328 2007 1531 2105 pleramque
1557 2005 1720 2082 interiore
1734 2007 1893 2109 longior,

387 2173 436 2190 ·-
448 2151 528 2206 sunt
540 2157 621 2205 vero
635 2132 768 2229 species
784 2135 846 2228 (r.
864 2155 899 2228 g.
916 2132 955 2203 P.
971 2130 1134 2218 Bistorte,
1147 2129 1363 2227 vitiparum,
1379 2147 1445 2202 etc.
1459 2135 1475 2225 )
1488 2127 1614 2229 quibus
1631 2131 1787 2230 superior
1806 2157 1893 2206 zona

391 2253 783 2329 inleriarebreviorest.

434 2379 561 2477 Margo
582 2393 757 2450 truncatus
775 2377 810 2448 in
825 2376 955 2474 majore
977 2374 1173 2474 specierum
1187 2399 1331 2450 numero
1342 2377 1431 2451 ciliis
1444 2375 1680 2452 setilormibus
1695 2397 1754 2450 aut
1773 2377 1892 2451 filifar·

296 2523 300 2532 ·
385 2499 501 2574 mibas
512 2501 634 2574 erectis
648 2511 853 2584 (nervorum
865 2497 1154 2574 adscendentium
1166 2498 1466 2594 extremitatibus)
1485 2513 1680 2575 coronatur.
1694 2500 1784 2578 Cilia
1800 2525 1891 2601 saepe

384 2621 421 2694 in
451 2621 574 2697 eadem
591 2622 728 2721 specie,
746 2620 855 2693 immo
870 2621 905 2694 in
924 2644 996 2693 uno
1013 2619 1207 2718 eodemque
1222 2619 1519 2710 individuo‚.mar
1533 2621 1656 2695 adsunt
1674 2647 1755 2696 max
1767 2621 1893 2696 desunt

381 2763 418 2818 et
442 2745 477 2816 ia
503 2745 618 2819 multis
639 2743 819 2842 speciebus
828 2741 962 2840 fugacia
975 2762 1078 2842 atque
1095 2740 1226 2816 caduca
1239 2767 1312 2818 esse
1329 2743 1626 2845 videntur,quare
1640 2745 1675 2820 in
1698 2748 1891 2845 specierum

383 2865 641 2964 diagnasihaud
655 2868 770 2964 magni
780 2864 1076 2939 mamentilraberi
1087 2884 1240 2963 possunt.
1251 2865 1570 2944 Observavicontra
1581 2870 1893 2946 constantissimam
1911 2945 1917 2958 ,

383 3007 417 3064 et
443 2984 533 3064 hanc
547 2990 594 3062 ab
607 3015 679 3063 rem
702 2990 792 3064 inter
801 2988 982 3088 specificas
997 2985 1209 3062 characteres
1226 2988 1461 3084 recipiendam
1476 2991 1731 3090 longitudinem
1745 2993 1892 3069 ochrec-

380 3109 531 3186 ramtam
549 3113 739 3188 absolutam
752 3137 854 3211 quarn
883 3089 1058 3185 relativam
1072 3129 1107 3183 et
1124 3109 1294 3183 rationem
1312 3111 1594 3212 interutramque
1612 3139 1730 3188 earum
1754 3099 1891 3194 conam.
1927 3107 1929 3114 ¹

382 3234 599 3308 Manendum
618 3233 731 3308 adhuc
742 3254 814 3322 est,
828 3234 949 3307 tubam
962 3257 1042 3305 mor
1057 3233 1212 3330 glabrum
1229 3257 1326 3324 esse,
1340 3258 1423 3308 max
1435 3235 1530 3311 varia
1551 3235 1658 3314 moda
1673 3242 1815 3338 pubere.

428 3363 518 3451 Quae
553 3357 660 3432 moda
685 3357 781 3447 diri,
806 3355 851 3430 de
881 3355 1018 3430 achreae
1047 3373 1136 3430 statu
1168 3357 1305 3455 integro
1341 3359 1480 3450 valent,
1512 3361 1573 3434 sed
1603 3388 1709 3461 quum
1730 3391 1783 3438 er
1811 3365 1888 3444 folii

380 3483 482 3555 anilla
504 3507 618 3556 ramus
644 3482 752 3554 oritur
784 3483 917 3580 (quem
935 3481 1037 3554 tt'rbus
1062 3478 1205 3552 achteae·
1223 3505 1290 3554 aaa
1308 3507 1387 3554 cum
1406 3483 1503 3557 caule
1531 3483 1792 3583 amplectitur),
1819 3489 1888 3564 hac

376 3605 597 3680 increscente
622 3625 656 3678 et
678 3630 696 3677 a
716 3603 812 3679 caule
833 3602 941 3720 magis
964 3602 1142 3701 magisque
1165 3602 1392 3700 dirergente,
1422 3605 1458 3676 in
1483 3606 1588 3680 latere
1615 3609 1778 3686 interiore
1794 3614 1889 3713 (ltac

363 3748 430 3808 est
456 3755 551 3803 ramo
575 3727 801 3804 immediatim
818 3724 1003 3826 apposito)
1024 3750 1044 3798 n
1069 3726 1222 3824 margine
1245 3744 1404 3802 truncato
1422 3727 1465 3802 ad
1482 3730 1581 3805 basin
1610 3757 1717 3832 usqua
1746 3737 1889 3814 finditur

352 3852 431 3936 vel
452 3852 574 3926 saltem
592 3851 777 3938 relaxatur,
796 3848 1031 3948 amplificatur.
1048 3847 1272 3922 Provectiore
1296 3849 1441 3924 demum
1464 3870 1565 3926 aetate
1583 3855 1746 3931 achream
1763 3861 1886 3960 saepis·

338 3982 465 4069 gime
484 3974 640 4073 pluribus
665 3973 797 4047 fissuris
824 3971 1031 4058 laceratam,
1053 3971 1161 4044 imma
1184 3970 1360 4044 interdum
1388 3973 1533 4046 omnino
1575 3977 1760 4055 deciduam
1788 3985 1884 4060 vide·

321 4125 460 4202 mus.
484 4097 698 4196 Huiusmodi
715 4095 878 4169 ochream
897 4093 1049 4194 margine
1066 4119 1146 4168 vere
1167 4112 1357 4169 truncatam
1375 4095 1615 4196 petiolamque
1631 4101 1749 4178 media
1766 4131 1888 4206 geren·

310 4261 426 4330 ‘em
452 4225 501 4302 in
523 4223 707 4320 Polygano
725 4218 931 4320 virginiana
948 4217 1117 4292 videmus.
1150 4309 1156 4324 ι

371 4368 441 4446 1η
472 4343 532 4422 Ρ.
564 4343 741 4417 Orientali
757 4342 965 4442 singularem
984 4339 1276 4416 modificationem
1293 4343 1415 4418 formae
1442 4347 1719 4450 evolationisque
1736 4355 1885 4456 vulgaris

277 4491 613 4592 observamus.
631 4465 751 4539 Tabas
769 4463 905 4538 achran
923 4461 1037 4551 enim,
1056 4464 1271 4538 exactissime
1286 4466 1507 4564 cylindricus,
1520 4471 1712 4572 marginem
1730 4480 1885 4556 ostendit

263 4616 592 4721 macarem,
610 4588 698 4662 ciliis
715 4588 918 4661 instructum
941 4605 976 4658 et
995 4586 1096 4659 initio
1119 4607 1294 4676 erectum,
1321 4614 1439 4666 maxa
1465 4594 1561 4667 caule
1585 4599 1712 4673 sensim
1734 4603 1883 4679 sensim·

314 4787 345 4838 e
372 4709 702 4826 dsscedentera
720 4731 753 4785 et
771 4709 961 4799 reflexum,
979 4728 1155 4807 postremo
1172 4730 1287 4784 autem
1314 4710 1411 4786 limbi
1438 4711 1674 4815 hypocrateris
1705 4723 1749 4798 ad
1776 4725 1884 4805 instar

240 4793 462 4969 gul-90
499 4834 683 4941 planum
709 4851 954 4948 petentemque
972 4837 1041 4930 (r).
1059 4832 1176 4910 Serius
1193 4833 1287 4910 idem
1303 4835 1427 4914 limbus
1443 4839 1589 4920 incisura
1602 4843 1765 4934 finditur,
1798 4829 1882 4927 dein

297 5121 443 5232 >⁶5
500 5094 636 5160 Tan.
656 5097 754 5179 1,tig.
776 5097 826 5163 55.

264 5155 295 5230 (r
