4722 6076
362 2373 508 2526 Quum
525 2423 692 2499 maximo
708 2427 852 2500 tenerer
869 2420 1042 2498 desiderio
1059 2417 1247 2498 scientiam
1265 2421 1476 2498 botanicum
1490 2447 1557 2524 pro
1569 2422 1705 2500 viribus
1718 2449 1864 2526 promo·

360 2549 469 2622 vendi
487 2553 525 2622 et
541 2548 674 2623 dubius
689 2553 815 2623 tamen
827 2548 1017 2639 hannem,
1034 2573 1147 2648 quam
1162 2551 1253 2620 etot
1269 2547 1454 2647 tantisque
1471 2550 1693 2649 susciperem
1711 2555 1870 2650 partem,

362 2669 647 2752 illustrissimum
678 2679 945 2774 praeceplorem
976 2697 1101 2750 meum
1135 2677 1174 2746 et
1196 2673 1244 2744 ad
1276 2671 1413 2746 cineres
1440 2697 1555 2772 usquc
1582 2671 1779 2748 colendum
1808 2675 1863 2748 Dc

364 2795 537 2874 candolis
553 2797 722 2898 precibus
748 2797 844 2890 adii,
866 2805 909 2874 ut
934 2797 1094 2900 aliquam
1117 2794 1329 2872 editissimo
1352 2795 1517 2870 amabilis
1540 2793 1668 2872 Florae
1697 2797 1871 2874 thesauro

362 2917 511 3020 eligeret
545 2921 638 2996 mihi
669 2927 838 3024 purtem,
872 2949 987 3025 quam
1013 2923 1158 3024 proprio
1183 2924 1261 3022 jam
1293 2921 1412 2995 Marte
1443 2925 1663 3020 pertractare
1688 2925 1725 2994 et
1752 2946 1874 3021 qusn-

362 3044 634 3146 tulumcunque
672 3045 854 3122 illustrare
890 3047 1037 3148 possim.
1062 3051 1190 3148 Neque
1217 3047 1354 3121 frustra
1386 3041 1456 3117 adii
1483 3051 1733 3144 promotorem
1767 3044 1872 3120 illurn

362 3169 415 3244 sci
445 3167 627 3242 herbariae
661 3170 913 3271 juvenumque
946 3171 1272 3273 botsnoplrilorum
1310 3168 1580 3268 amplissimum
1615 3167 1874 3247 Maecenatem.

363 3293 451 3368 Non
479 3291 600 3366 solum
626 3293 724 3367 enim
746 3293 837 3367 mihi
868 3297 1060 3394 proposuit
1085 3291 1391 3396 Monograplriam
1414 3290 1564 3368 Ordinis
1580 3290 1875 3393 Polygonearum

364 3413 644 3506 elaborandam,
660 3413 724 3490 sed
744 3415 855 3492 ctiam
874 3442 943 3518 pro
959 3424 1065 3496 sucta
1087 3416 1300 3494 liberalitate
1320 3443 1387 3492 sua
1403 3415 1559 3493 consiliis
1579 3415 1872 3516 ingeniosissimis

364 3563 425 3614 me
441 3539 586 3638 adjuvit
601 3547 639 3614 et
656 3539 868 3616 herbarium
883 3565 992 3616 suum
1008 3539 1276 3644 amplissimum
1302 3539 1638 3640 bibliothecamque
1656 3539 1874 3616 ditissimam

366 3662 495 3738 studiis
511 3664 602 3736 meis
619 3663 795 3740 benevole
813 3663 967 3766 aperuit.

416 3787 643 3887 Magnopere
665 3785 770 3861 doleo
784 3842 796 3880 ,
812 3812 873 3862 me
897 3786 1071 3888 temporis
1095 3786 1269 3888 angustiis
1294 3785 1513 3888 impeditum
1541 3783 1651 3862 luisse
1675 3785 1875 3887 quominus

366 3910 452 3984 almi
462 3910 612 3984 lactoris
624 3909 816 3986 consilium
829 3912 952 3986 stricte
960 3935 1138 4012 sequerer.
1145 3914 1223 3988 Etsi
1232 3912 1330 3986 enim
1344 3909 1391 3985 ill.
1407 3907 1608 4008 Campdsrc
1622 3909 1755 4010 insigni
1767 3934 1878 4011 opere

367 4032 445 4132 jam
462 4032 694 4110 illustraverit
709 4034 883 4109 Rrrmicss
901 4036 1105 4137 (magnam
1124 4036 1235 4136 igitur
1254 4033 1400 4110 familias
1416 4039 1559 4136 partem
1571 4038 1602 4130 ),
1620 4033 1734 4108 nimia
1752 4039 1879 4110 tamen

338 4155 491 4238 radhuc
520 4165 684 4259 superest
712 4156 846 4234 laboris
870 4161 985 4235 moles
1011 4159 1189 4260 nimisque
1216 4160 1393 4249 obscuro,
1416 4183 1529 4260 quarn
1556 4181 1637 4259 quos
1664 4157 1879 4236 brevissimo

368 4284 455 4357 anni
466 4283 583 4385 spatio
596 4281 663 4356 rite
678 4281 816 4357 absolvi
833 4285 955 4383 possit.
973 4285 1028 4360 Ne
1040 4286 1151 4386 igitur
1167 4285 1385 4384 susciperem
1399 4308 1504 4384 opus,
1517 4283 1577 4358 cui
1590 4305 1708 4382 neque
1727 4289 1878 4384 tempus

368 4433 488 4508 neque
505 4407 597 4482 vires
612 4405 850 4498 suffecissent,
871 4406 991 4481 Genus
1003 4415 1130 4484 temen
1153 4407 1385 4509 Polygonum
1405 4431 1427 4480 e
1447 4404 1590 4504 reliquis
1608 4403 1696 4480 milri
1722 4405 1811 4509 elegi
1841 4411 1881 4482 el

366 4555 466 4606 nunc
479 4531 576 4621 Tibi,
587 4529 701 4606 lector
713 4530 898 4618 benevole.
913 4529 1186 4632 Moaogrcplu'c
1198 4532 1464 4630 Polygonorum
1480 4527 1718 4602 Prodmmum
1736 4531 1875 4605 obiero.

370 4656 414 4729 ln
437 4659 650 4756 posterum,
676 4654 707 4728 si
732 4654 825 4728 lorte
848 4655 1083 4755 praeceptoris
1102 4655 1176 4730 mei
1199 4653 1424 4728 illustrissimi
1449 4650 1748 4752 eruditorumque
1779 4652 1878 4726 orbis

370 4775 503 4878 judicia
527 4777 628 4853 haud
648 4776 815 4852 omnimo
832 4775 1022 4878 indignum
1040 4795 1099 4854 me
1118 4774 1423 4878 proclamaverint
1440 4775 1502 4877 qui
1520 4773 1692 4851 fusiorem
1709 4772 1876 4876 suscipe·
1960 4791 1969 4804 ‘

372 4923 451 4978 rem
480 4899 618 5004 generis
647 4900 825 5004 Polygoni
847 4899 1064 5002 familiaeque
1091 4901 1202 5004 ipsius
1230 4898 1444 4994 historiam,
1469 4901 1562 4977 tunc
1590 4904 1630 4976 ct
1648 4897 1746 4977 hanc
1761 4922 1878 5002 quam
