4722 6076
974 583 1155 682 (ts)

297 733 416 836 paullo
439 731 678 838 adstringens,
709 731 745 808 b.
779 731 992 832 Tnnrnesnrt
1018 733 1195 836 egregium
1233 728 1461 812 rntnenrinn
1489 728 1631 810 herbum
1649 733 1733 830 (ι),
1767 749 1804 810 et

299 857 358 932 ulii
386 856 674 957 lithontripticnm
703 858 758 956 (α)
778 858 986 948 credebant,
1014 883 1107 932 nnnc
1132 883 1238 949 vero,
1259 881 1361 957 aeque
1391 881 1433 930 nc
1459 855 1665 956 Persicurio
1695 858 1802 938 acido

299 977 564 1079 dongei-monui
587 979 737 1054 Phorm.
770 981 839 1078 (Ρ.
861 980 1079 1082 empbibium
1095 985 1136 1078 )‚
1162 981 1308 1057 omnino
1351 980 1522 1058 oblivioni
1564 980 1700 1060 traditu·
1722 1000 1799 1069 est,

301 1129 416 1204 neque
435 1103 575 1202 injuste.
972 1159 976 1168 -

351 1228 471 1302 Herbe
495 1228 684 1330 Polygoni
716 1229 908 1303 ovicularis
941 1227 1234 1324 (Ceutomnodioe
1271 1227 1448 1325 Phorco.)
1485 1255 1555 1328 qun
1589 1229 1807 1332 adstringens

303 1352 480 1453 quondum
508 1353 597 1427 siem
624 1353 868 1430 antecedentes
885 1354 922 1427 in
946 1378 1008 1426 usu
1027 1370 1120 1442 eret,
1142 1349 1253 1426 bodie
1292 1352 1438 1424 omnino
1466 1351 1634 1426 obsoleto.
1666 1355 1808 1427 Recen-

303 1476 449 1550 tinribus
467 1495 583 1552 nutem
609 1477 822 1576 temporibus
844 1477 919 1576 ejus
948 1474 1081 1552 semine
1110 1475 1163 1571 (i.
1186 1500 1216 1549 e.
1240 1473 1373 1548 fructus
1407 1475 1560 1576 integri,
1586 1501 1665 1550 cnm
1700 1474 1808 1552 sche-

305 1599 403 1696 niis)
426 1599 557 1675 emesin
588 1624 777 1700 provocare
804 1598 946 1674 inventu
962 1616 1040 1673 sunt
1060 1599 1132 1693 (3).
1156 1599 1236 1698 Ego
1260 1597 1404 1699 quidem
1430 1599 1606 1698 pulverem
1640 1599 1811 1674 seminum

307 1721 409 1820 hujus
429 1721 555 1822 pluntae
577 1741 734 1796 recenter
763 1721 931 1796 lecturum
949 1747 990 1796 nc
1012 1743 1247 1813 maturorum‚
1271 1746 1350 1796 cum
1383 1719 1561 1822 cnlycibus
1585 1721 1809 1824 ucbeniisque

309 1865 556 1930 comanorum,
589 1845 633 1921 od
663 1837 794 1920 dosem¹
807 1871 915 1948 usque
933 1846 1174 1923 drachmarum
1199 1843 1345 1918 duarum
1362 1844 1449 1918 mibi
1466 1844 1533 1944 ipsi
1550 1843 1815 1930 administravi,

310 1967 373 2042 sed
391 1993 435 2042 ue
455 1969 665 2042 levissimum
681 1968 825 2069 quidem
839 1983 974 2046 nnusoe
992 1991 1132 2043 sensum
1145 1987 1403 2068 expertussuun,
1426 1994 1538 2068 neque
1552 1969 1655 2044 uilem
1673 1967 1818 2070 percepi

311 2090 560 2189 proprietatum
575 2146 588 2183 ‚
604 2115 689 2190 quus
716 2091 760 2166 cl.
777 2090 958 2166 huelem
980 2089 1108 2172 tendat.
1125 2091 1269 2168 Semina
1285 2111 1366 2166 sunt
1381 2091 1529 2167 inodoru
1547 2111 1581 2168 et
1602 2112 1713 2192 gustu
1730 2090 1816 2168 foci·

313 2237 399 2290 nosn
421 2238 461 2286 uc
480 2213 642 2313 insipide.
809 2301 813 2316 Ι

362 2333 407 2407 Ρ.
428 2335 624 2436 perfinltbto
648 2336 818 2410 Loureiro
834 2335 893 2436 (4)
923 2337 996 2412 vim
1023 2338 1180 2414 attribuit
1215 2337 1455 2429 incidentem,
1493 2339 1750 2442 abstergentem
1780 2359 1815 2416 et

317 2459 555 2538 emollientem
596 2493 614 2527 n
641 2457 929 2559 cataplasma»,
970 2462 1042 2548 nit,
1082 2497 1098 2531 s
1130 2482 1281 2537 tumores
1314 2459 1481 2553 resolvit,
1509 2462 1635 2540 incutio
1661 2463 1816 2538 scabiem

316 2583 462 2658 mundat
477 2581 786 2686 ».-Pulygonum
796 2583 1101 2658 Cochinchtitensc
1114 2585 1296 2686 (Luguueu
1309 2584 1624 2660 Cochiuchineusis
1634 2586 1740 2658 Lour.
1755 2586 1777 2660 Ι.
1788 2610 1821 2660 c.

318 2709 348 2780 1.
361 2732 396 2807 p.
414 2717 514 2804 ²7²)
529 2707 635 2784 herbo
659 2727 712 2782 est
743 2707 958 2793 discutiens,
974 2709 1161 2785 resolvens.
1199 2709 1335 2784 «vater
1349 2707 1522 2808 imprimis
1541 2709 1615 2809 ejus
1638 2733 1718 2784 usus
1754 2728 1824 2786 tum

297 2852 502 2938 externus,
532 2858 636 2932 quum
654 2831 829 2921 internus,
855 2833 890 2904 in
907 2855 1060 2932 genuum
1085 2832 1352 2908 tumescentium
1374 2830 1572 2918 curatione,
1600 2830 1661 2932 qui
1678 2831 1821 2908 morbus
1874 2823 1882 2835 ’

322 2954 498 3055 indigenis
514 2953 692 3029 familiaris
717 2974 753 3028 et
771 2953 870 3030 vaide
886 2954 1023 3029 nebettis
1045 2958 1098 3042 (5)
1117 2990 1150 3028 n.
1182 2953 1367 3056 Polygoni
1388 2951 1582 3047 multz'stori
1606 2955 1703 3036 rndix
1724 2956 1829 3032 tube·

322 3103 423 3170 rose,
444 3079 677 3168 subcernoso,
694 3078 837 3168 fibrose,
859 3077 961 3168 albu,
977 3079 1170 3154 secundum
1188 3078 1374 3179 Tkonberg
1392 3077 1447 3168 (6)
1469 3077 1659 3155 «cordialis
1675 3078 1829 3171 dicitur,

316 3227 474 3304 ,eumque
492 3203 540 3276 'in
569 3205 674 3276 finem
706 3199 1010 3302 ndnponensibus
1038 3185 1147 3278 crudo
1175 3202 1371 3280 adhibetur.
1404 3201 1481 3276 Sub
1510 3201 1685 3278 cineribus
1715 3221 1826 3284 nssme

328 3351 442 3403 umore
467 3344 519 3398 est
534 3356 571 3398 n.

264 3505 270 3518 .
377 3447 565 3550 Polygoni
583 3445 784 3542 tamnisolir'
808 3443 892 3522 iulia
912 3445 1060 3526 decoctu
1088 3465 1208 3529 conus
1237 3446 1525 3552 bomorrbngium
1547 3445 1707 3528 adhiberi
1743 3444 1831 3525 dicit

329 3570 377 3646 ili·
402 3571 448 3646 dc
467 3569 666 3644 Humboldt
680 3583 747 3665 (7).

377 3891 428 3972 (r)
446 3892 556 3954 Loisei.
573 3892 597 3954 1.
615 3915 643 3954 c.
661 3895 787 3976 potus.

264 4067 275 4080 ,
364 4003 427 4080 (α)
448 4002 542 4062 Murr.
561 4003 582 4063 Ι.
602 4022 629 4062 c.
648 4001 703 4065 tv.
724 4022 757 4084 p.
775 4009 847 4080 4¹¹·

379 4112 426 4184 (δι
458 4108 568 4171 Loiset.
585 4108 609 4168 1.
627 4130 654 4170 e.
670 4129 702 4192 p.
718 4112 807 4187 (θοι
842 4106 935 4171 ebes
952 4105 1065 4190 prnines
1080 4104 1118 4168 de
1134 4115 1210 4168 cette
1227 4105 1318 4170 nime
1339 4107 1438 4192 pionte
1461 4104 1594 4170 different
1610 4105 1759 4192 benennp
1785 4107 1838 4172 des

340 4217 500 4302 proprietds
523 4215 576 4278 des
601 4231 697 4277 autres
721 4217 849 4300 pertinse
873 4215 946 4277 elles
963 4228 1032 4276 sont
1054 4215 1206 4281 iortsmcut
1220 4216 1375 4298 &mitiques
1394 4228 1424 4280 et
1441 4203 1628 4304 'purgetivc'tc
1656 4216 1784 4284 &deins
1802 4237 1840 4281 en

321 4317 324 4324 ’
341 4321 451 4410 pondre
467 4323 536 4382 elles
552 4337 603 4383 ont
619 4345 676 4384 unc
691 4323 781 4385 ndcur
794 4323 962 4385 nanneense.
988 4349 1004 4378 ι

385 4435 435 4510 (4)
453 4430 532 4492 Flnr.
550 4428 708 4494 Cocbincb.
727 4429 770 4492 ed.
803 4429 918 4496 wtttt.
935 4430 962 4492 is
980 4449 1013 4514 p.
1031 4433 1104 4515 ²9⁸·

386 4539 435 4618 (5)
454 4536 619 4614 Lonreirn,
637 4537 710 4600 ibid.
728 4540 758 4622 ¹2
773 4559 805 4623 p.
825 4557 898 4622 ²⁷²·

387 4649 437 4727 (6)
455 4647 532 4707 utor.
550 4648 657 4722 anon.
676 4667 708 4730 p.
723 4665 790 4730 170.

392 4755 441 4839 (7)
459 4752 588 4833 unns..
603 4752 710 4839 Bonpl.
730 4767 759 4819 ct
775 4751 879 4820 Kuotb
894 4751 1101 4843 synnpntm.
1119 4749 1194 4834 ⁴⁰⁸·

341 5051 417 5076 „vd
