4722 6076
1170 497 1186 578 (
1236 501 1284 573 26
1333 501 1351 592 )

508 637 691 712 filamentis
707 655 785 710 sunt
803 639 921 714 affisae.
953 643 992 714 In
1015 641 1218 716 Rumr'cr'bus
1240 645 1313 720 basi
1331 673 1412 721 cum
1428 648 1594 724 fiiarnemi
1610 651 1724 724 brevis
1742 653 1841 750 apice
1859 671 2017 730 connatae

507 761 657 862 ideoque
684 762 880 838 immobiles
917 785 1024 854 sunt,
1054 767 1089 840 in
1124 767 1254 861 Rher's,
1297 771 1568 870 Arraphaxr'bus
1599 755 1881 874 Polygonaque'
1901 795 2017 850 autem

507 885 693 974 omnibus,
713 886 830 960 ntedio
848 887 1039 963 loculorum
1056 910 1157 992 septo
1189 912 1223 967 et
1249 895 1293 967 ad
1319 893 1500 972 dimidiam
1522 896 1742 972 antherarum
1760 897 2015 998 longitudinem

505 1009 672 1084 iiiamenti
699 1011 791 1109 apici
820 1011 955 1098 affisae,
973 1013 1053 1086 huic
1084 1017 1130 1089 ita
1162 1017 1339 1109 insident,
1366 1039 1402 1092 ut
1434 1019 1546 1119 primo
1584 1039 1712 1094 erectae
1728 1076 1739 1112 ,
1774 1021 1953 1094 verticaies
1979 1041 2015 1096 et

502 1135 599 1232 quasi
620 1134 715 1208 lateri
730 1135 893 1208 exteriori
908 1137 1073 1212 filamenti
1086 1137 1221 1216 adnatae
1237 1141 1469 1228 inveniantur,
1485 1141 1614 1218 deinde
1631 1169 1713 1216 vero
1725 1144 1905 1216 versatiles
1922 1147 2016 1231 liant,

502 1257 651 1356 obliquae
670 1278 729 1336 aut
747 1257 989 1334 horizontaies.
1016 1263 1180 1362 Semper,
1201 1284 1237 1338 ut
1254 1265 1346 1352 dixi,
1361 1267 1527 1340 filamenti
1541 1266 1683 1338 insertio
1714 1265 1749 1338 in
1775 1267 1880 1340 latere
1894 1266 2013 1342 anthe·

502 1406 615 1454 aarum
641 1383 816 1454 exteriore
832 1391 848 1476 (
862 1384 956 1482 quod
974 1385 1128 1483 calycem
1145 1393 1308 1488 spectat)
1326 1392 1374 1462 iit.
1406 1390 1532 1464 Forma
1551 1390 1656 1462 totius
1683 1390 1833 1464 antherae
1853 1389 1889 1461 in
1902 1390 2015 1487 Poip-

500 1503 601 1603 gonis
627 1524 679 1579 est
720 1507 896 1605 edguina,
933 1509 1147 1608 singulorum
1184 1513 1377 1586 loculorum
1404 1533 1519 1586 autem
1549 1512 1821 1612 hemieiiiptica‚
1857 1513 2013 1611 margine

501 1629 608 1718 altero
624 1681 635 1714 ,
651 1655 721 1728 quo
740 1630 844 1702 loculi
877 1631 1026 1708 invicem
1045 1633 1207 1732 applicati
1230 1655 1333 1718 sunt,
1367 1655 1462 1709 recto
1487 1658 1546 1710 aut
1565 1661 1684 1733 proram
1702 1661 1881 1725 concavo,
1904 1636 2012 1709 altero

500 1752 669 1826 exteriore
701 1779 872 1828 convexo.
917 1756 1105 1830 Conuexus
1143 1759 1232 1834 inter
1267 1779 1450 1857 atrumque
1494 1761 1644 1836 incidam
1692 1779 1794 1856 septo
1820 1759 2011 1854 ,communi

501 1877 656 1970 efficitur,
677 1879 773 1975 cujus
791 1880 909 1952 medio
927 1881 1139 1956 iiiameatutn
1158 1881 1315 1980 affigitur.
1335 1883 1446 1956 Priori
1468 1902 1624 1980 tempore
1643 1882 1748 1972 loculi
1768 1901 1842 1956 toto
1856 1883 2013 1980 margine
2102 1893 2114 1899 “

500 2001 637 2075 interno
664 2002 731 2075 sibi
762 2002 913 2076 invicem
931 2003 1048 2078 adnati
1073 2029 1148 2078 esse
1167 2005 1348 2095 videntur,
1379 2005 1493 2082 donec
1516 2007 1652 2089 sulcus,
1686 2033 1756 2105 quo
1782 2025 2014 2103 separantur,

500 2130 598 2228 apice
612 2148 647 2203 et
664 2126 738 2202 basi
753 2125 848 2202 hiare
861 2127 1007 2226 incipiat
1031 2147 1067 2203 et
1086 2129 1173 2202 alter
1200 2130 1247 2210 ,ab
1274 2130 1388 2212 altero⁴
1399 2129 1515 2228 paullo
1534 2151 1760 2206 removeatur.
1779 2132 1817 2202 ln
1837 2129 2011 2228 utriusque

499 2251 604 2329 loculi
637 2253 741 2328 latare
777 2251 932 2349 (paullo
959 2250 1069 2350 magis
1104 2275 1221 2326 versus
1247 2253 1342 2326 floris
1376 2258 1562 2346 centrum)
1596 2254 1688 2328 linea
1724 2251 2011 2352 iongituditraiis,

499 2374 836 2462 rimamindicans,
865 2401 932 2474 qua
972 2375 1080 2448 serius
1115 2374 1321 2464 dehiscent,
1353 2379 1423 2474 jam
1458 2377 1502 2448 ab
1542 2377 1642 2450 initio
1677 2389 1832 2476 apparet.
1862 2375 2014 2476 Reliqua

498 2501 651 2590 antherae
674 2500 880 2600 superficies
904 2523 1061 2575 convexa
1087 2518 1139 2572 est
1157 2519 1192 2574 et
1211 2519 1284 2572 tum
1311 2499 1410 2574 iaeris
1438 2521 1513 2574 tum
1537 2501 1720 2574 tenerrime
1738 2500 1922 2575 reticoiata.
1947 2505 2010 2594 (tr.

497 2653 531 2726 g.
549 2628 585 2700 in
604 2629 645 2702 Ρ.
668 2625 862 2718 Bistosta).
888 2623 1102 2698 Loculorom
1125 2625 1290 2700 cavitates
1317 2624 1546 2724 cylindricae,
1574 2624 1790 2700 dehiscentia
1823 2623 1915 2698 facta
1947 2649 2012 2722 per

494 2731 670 2849 margines
697 2753 823 2834 fissarre
850 2747 919 2831 iate
949 2748 1118 2824 distantes
1146 2751 1363 2849 superficiem
1395 2749 1610 2824 internama
1648 2749 1760 2822 fando
1785 2748 1831 2822 ad
1872 2747 2010 2846 apicem

496 2899 605 2974 atque
632 2873 743 2950 octtiis
761 2871 940 2952 exhibent.
961 2915 1007 2930 -
1022 2872 1253 2952 Antherarum
1276 2874 1374 2950 color
1391 2875 1408 2970 (
1423 2874 1458 2946 in
1485 2874 1638 2974 qualibet
1660 2873 1778 2972 specie
1810 2890 2009 2947 constanter

385 2999 388 3007 “
495 2998 624 3084 idem)
652 2999 772 3086 aibas,
796 2999 924 3088 flavus,
953 2999 1169 3088 incarnatus,
1198 3025 1415 3099 purpureas,
1436 2999 1633 3088 violaceus,
1660 2997 1851 3072 coeruleus.

542 3121 672 3212 Ballou
690 3121 727 3194 in
745 3139 823 3211 toto
844 3123 1124 3222 Poiogonearum
1142 3122 1266 3198 ordine
1284 3128 1387 3200 unar'n
1401 3143 1533 3198 tantam
1548 3121 1688 3197 exhibet
1705 3121 1851 3196 iormam
1866 3179 1878 3212 ,
1891 3139 2007 3194 rotun·

498 3245 606 3334 dam,
640 3247 846 3344 globosam,
874 3246 1064 3347 nequidem
1094 3247 1212 3350 quoad
1244 3247 1521 3347 magnitudinem
1552 3251 1742 3345 (quantum
1770 3245 1858 3316 mihi
1886 3245 2009 3321 saltem

497 3370 681 3444 observare
706 3368 833 3464 teuit)
861 3369 1000 3454 differt,
1034 3369 1227 3446 Globosam
1248 3370 1397 3445 formam
1421 3395 1557 3468 semper
1587 3368 1683 3458 vidi,
1713 3370 1743 3442 si
1769 3368 1886 3466 pollen
1905 3391 2007 3466 aquae

497 3495 701 3567 immersum
720 3490 805 3568 lenti
822 3494 975 3592 subjeci,
996 3494 1026 3567 si
1043 3494 1176 3569 siccum
1193 3517 1276 3568 vero
1301 3495 1535 3592 contemplari
1549 3547 1560 3582 ,
1574 3495 1702 3568 variam
1719 3492 2010 3590 irregularemqae

497 3617 647 3694 formem
675 3616 891 3716 (eiiipticam
907 3638 944 3702 a.
960 3620 1122 3708 ovaiem,
1153 3616 1327 3704 interdum
1355 3613 1494 3718 qaoque
1519 3617 1748 3716 aoguiosam)
1767 3613 2008 3689 animadverti.

497 3745 605 3818 Color
622 3743 826 3842 pierumque
842 3760 894 3814 est
920 3741 1050 3830 ssavus,
1076 3742 1113 3815 in
1136 3741 1344 3841 quibusdam
1361 3740 1550 3840 speciebus*
1569 3741 1718 3826 exoticis¹
1748 3747 1862 3836 (qaas
1896 3737 2006 3812 siccas

499 3865 727 3960 examinavi)
753 3864 982 3948 etcinereum
1009 3863 1107 3954 vidi,
1143 3864 1240 3967 quod
1261 3885 1378 3940 tamen
1393 3863 1510 3940 forsan
1531 3863 1716 3939 mutationi
1733 3861 1872 3948 cuidam
1892 3861 2008 3936 exsic-

498 3991 638 4066 catione
657 3987 836 4087 prodttctae
863 3987 1143 4062 adscribendum.
1666 4081 1671 4088 Ι

508 4099 511 4104 ’
548 4113 751 4184 Fr'lomenta
777 4131 857 4184 sunt
883 4110 1059 4186 fititormia
1081 4131 1139 4188 aut
1162 4113 1333 4199 subuiata,
1359 4128 1453 4186 recta
1472 4129 1506 4182 et
1530 4130 1665 4200 erecta,
1695 4108 1830 4200 tenuia,
1859 4109 2007 4185 rotunda

502 4255 560 4316 aut
591 4257 809 4333 compressa,
839 4231 1012 4334 iigaiaria,
1035 4254 1156 4326 acuta,
1185 4233 1284 4310 laevia
1314 4251 1372 4324 aut
1397 4235 1582 4307 tenerrime
1609 4235 1752 4322 lineata,
1780 4233 2006 4334 giaberrima,

500 4384 639 4459 semper
656 4355 769 4432 suado
784 4357 913 4459 calycis
931 4359 1079 4448 inserta,
1095 4359 1171 4432 alba
1191 4357 1254 4453 (in
1272 4357 1376 4430 unico
1394 4355 1438 4427 P.
1457 4360 1615 4455 specioso
1632 4361 1829 4458 purpurea)
1853 4383 1944 4431 natac
1962 4357 2007 4433 ab

503 4483 641 4586 origine
656 4481 763 4580 libera
773 4509 897 4574 ,nunc
913 4509 1020 4583 usque
1037 4481 1082 4556 ad
1099 4481 1228 4580 catycts
1246 4480 1410 4568 incitatas
1424 4479 1506 4560 huic
1521 4481 1661 4558 adnata.

550 4605 748 4682 staminum
762 4631 927 4698 tramant
945 4607 980 4678 in
998 4603 1122 4680 ordine
1139 4604 1418 4706 Polygoneatum
1436 4604 1565 4694 varius3
1585 4604 1620 4680 in
1638 4607 1846 4696 Ramicibas
1865 4629 1946 4692 sex,
1967 4603 2007 4676 in

502 4727 615 4808 Riteis
632 4750 828 4814 constanter
845 4755 994 4814 aorem,
1014 4727 1260 4831 inPolygonis
1278 4729 1342 4808 tria
1359 4723 1715 4826 neomeniam
1731 4729 1841 4808 Mica
1856 4737 1893 4830 ),
1917 4751 2007 4828 qaa-
