<?xml version="1.0" encoding="UTF-8"?>
<!DOCTYPE html PUBLIC "-//W3C//DTD XHTML 1.0 Transitional//EN"
    "http://www.w3.org/TR/xhtml1/DTD/xhtml1-transitional.dtd">
<html xmlns="http://www.w3.org/1999/xhtml" xml:lang="en" lang="en">
 <head>
  <title>
</title>
<meta http-equiv="Content-Type" content="text/html;charset=utf-8" />
  <meta name='ocr-system' content='tesseract 3.04.00' />
  <meta name='ocr-capabilities' content='ocr_page ocr_carea ocr_par ocr_line ocrx_word'/>
</head>
<body>
  <div class='ocr_page' id='page_1' title='image "./monographigener00meisgoog_0030.png"; bbox 0 0 4722 6076; ppageno 0'>
   <div class='ocr_carea' id='block_1_1' title="bbox 503 591 2055 4428">
    <p class='ocr_par' dir='ltr' id='par_1_1' title="bbox 515 591 2042 1211">
     <span class='ocr_line' id='line_1_1' title="bbox 1182 591 1373 688; baseline 0 0"><span class='ocrx_word' id='word_1_1' title='bbox 1182 591 1208 688; x_wconf 67' lang='lat' dir='ltr'>r(</span> <span class='ocrx_word' id='word_1_2' title='bbox 1262 591 1307 665; x_wconf 76' lang='lat'>¹⁶</span> <span class='ocrx_word' id='word_1_3' title='bbox 1354 593 1373 688; x_wconf 96' lang='grc'>)</span> 
     </span>
     <span class='ocr_line' id='line_1_2' title="bbox 515 737 2039 842; baseline 0.002 -30"><span class='ocrx_word' id='word_1_4' title='bbox 515 759 550 820; x_wconf 83' lang='lat' dir='ltr'>et</span> <span class='ocrx_word' id='word_1_5' title='bbox 567 740 684 829; x_wconf 75' lang='lat' dir='ltr'>loco,</span> <span class='ocrx_word' id='word_1_6' title='bbox 698 740 740 814; x_wconf 76' lang='lat' dir='ltr'>,in&#39;</span> <span class='ocrx_word' id='word_1_7' title='bbox 757 763 829 840; x_wconf 86' lang='lat' dir='ltr'>qno</span> <span class='ocrx_word' id='word_1_8' title='bbox 846 763 866 812; x_wconf 89' lang='lat' dir='ltr'>e</span> <span class='ocrx_word' id='word_1_9' title='bbox 885 737 983 814; x_wconf 87' lang='lat' dir='ltr'>caule</span> <span class='ocrx_word' id='word_1_10' title='bbox 1010 755 1129 816; x_wconf 81' lang='lat' dir='ltr'>natum</span> <span class='ocrx_word' id='word_1_11' title='bbox 1158 741 1359 826; x_wconf 87' lang='lat' dir='ltr'>videretur,</span> <span class='ocrx_word' id='word_1_12' title='bbox 1380 741 1427 818; x_wconf 85' lang='lat' dir='ltr'>ita</span> <span class='ocrx_word' id='word_1_13' title='bbox 1446 739 1647 832; x_wconf 88' lang='lat' dir='ltr'>denudato,</span> <span class='ocrx_word' id='word_1_14' title='bbox 1666 765 1711 815; x_wconf 85' lang='lat' dir='ltr'>ne</span> <span class='ocrx_word' id='word_1_15' title='bbox 1740 739 1928 842; x_wconf 82' lang='lat' dir='ltr'>vestigium</span> <span class='ocrx_word' id='word_1_16' title='bbox 1957 739 2039 842; x_wconf 89' lang='lat' dir='ltr'>qui-</span> 
     </span>
     <span class='ocr_line' id='line_1_3' title="bbox 523 862 2042 964; baseline -0.003 -24"><span class='ocrx_word' id='word_1_17' title='bbox 523 865 603 940; x_wconf 90' lang='lat' dir='ltr'>dem</span> <span class='ocrx_word' id='word_1_18' title='bbox 622 865 710 939; x_wconf 85' lang='lat' dir='ltr'>laesae</span> <span class='ocrx_word' id='word_1_19' title='bbox 729 863 968 938; x_wconf 73' lang='lat' dir='ltr'>continuitatis</span> <span class='ocrx_word' id='word_1_20' title='bbox 988 863 1195 938; x_wconf 85' lang='lat' dir='ltr'>invenimus.</span> <span class='ocrx_word' id='word_1_21' title='bbox 1223 862 1401 938; x_wconf 86' lang='lat' dir='ltr'>Differunt</span> <span class='ocrx_word' id='word_1_22' title='bbox 1421 865 1538 950; x_wconf 85' lang='lat' dir='ltr'>modo,</span> <span class='ocrx_word' id='word_1_23' title='bbox 1560 865 1611 937; x_wconf 93' lang='lat' dir='ltr'>uti</span> <span class='ocrx_word' id='word_1_24' title='bbox 1640 887 1740 964; x_wconf 89' lang='lat' dir='ltr'>supra</span> <span class='ocrx_word' id='word_1_25' title='bbox 1763 867 1833 963; x_wconf 85' lang='lat' dir='ltr'>jam</span> <span class='ocrx_word' id='word_1_26' title='bbox 1868 863 2042 956; x_wconf 88' lang='lat' dir='ltr'>vidimus,</span> 
     </span>
     <span class='ocr_line' id='line_1_4' title="bbox 519 985 2039 1090; baseline -0.001 -26"><span class='ocrx_word' id='word_1_27' title='bbox 519 989 659 1072; x_wconf 68' lang='lat' dir='ltr'>ratione</span> <span class='ocrx_word' id='word_1_28' title='bbox 674 987 845 1066; x_wconf 83' lang='lat' dir='ltr'>intervalli</span> <span class='ocrx_word' id='word_1_29' title='bbox 863 985 1087 1062; x_wconf 81' lang='lat' dir='ltr'>insertionem</span> <span class='ocrx_word' id='word_1_30' title='bbox 1104 987 1142 1062; x_wconf 91' lang='lat' dir='ltr'>in</span> <span class='ocrx_word' id='word_1_31' title='bbox 1168 986 1295 1063; x_wconf 86' lang='lat' dir='ltr'>ochren</span> <span class='ocrx_word' id='word_1_32' title='bbox 1319 988 1409 1065; x_wconf 91' lang='lat' dir='ltr'>iuter</span> <span class='ocrx_word' id='word_1_33' title='bbox 1436 1009 1470 1064; x_wconf 92' lang='lat' dir='ltr'>et</span> <span class='ocrx_word' id='word_1_34' title='bbox 1497 989 1629 1064; x_wconf 87' lang='lat' dir='ltr'>undum</span> <span class='ocrx_word' id='word_1_35' title='bbox 1652 988 1785 1088; x_wconf 88' lang='lat' dir='ltr'>ipsum,</span> <span class='ocrx_word' id='word_1_36' title='bbox 1803 1015 1823 1064; x_wconf 91' lang='lat' dir='ltr'>e</span> <span class='ocrx_word' id='word_1_37' title='bbox 1839 1015 1909 1090; x_wconf 91' lang='lat' dir='ltr'>quo</span> <span class='ocrx_word' id='word_1_38' title='bbox 1938 989 2039 1063; x_wconf 90' lang='lat' dir='ltr'>tubus</span> 
     </span>
     <span class='ocr_line' id='line_1_5' title="bbox 518 1109 1251 1211; baseline -0.001 -22"><span class='ocrx_word' id='word_1_39' title='bbox 518 1113 656 1198; x_wconf 66' lang='lat' dir='ltr'>celerem</span> <span class='ocrx_word' id='word_1_40' title='bbox 678 1111 852 1211; x_wconf 77' lang='lat' dir='ltr'>originem</span> <span class='ocrx_word' id='word_1_41' title='bbox 871 1109 1004 1187; x_wconf 90' lang='lat' dir='ltr'>trultere</span> <span class='ocrx_word' id='word_1_42' title='bbox 1023 1110 1161 1186; x_wconf 88' lang='lat' dir='ltr'>videtur</span> <span class='ocrx_word' id='word_1_43' title='bbox 1175 1115 1251 1210; x_wconf 88' lang='lat' dir='ltr'>(r).</span> 
     </span>
    </p>

    <p class='ocr_par' dir='ltr' id='par_1_2' title="bbox 503 1235 2044 1834">
     <span class='ocr_line' id='line_1_6' title="bbox 571 1235 2041 1338; baseline 0.001 -30"><span class='ocrx_word' id='word_1_44' title='bbox 571 1235 775 1308; x_wconf 83' lang='lat' dir='ltr'>Substantia</span> <span class='ocrx_word' id='word_1_45' title='bbox 798 1235 962 1312; x_wconf 84' lang='lat' dir='ltr'>soliorum</span> <span class='ocrx_word' id='word_1_46' title='bbox 989 1261 1083 1310; x_wconf 91' lang='lat' dir='ltr'>nuuc</span> <span class='ocrx_word' id='word_1_47' title='bbox 1102 1235 1300 1312; x_wconf 84' lang='lat' dir='ltr'>tenuissima</span> <span class='ocrx_word' id='word_1_48' title='bbox 1329 1264 1422 1314; x_wconf 88' lang='lat' dir='ltr'>nnnc</span> <span class='ocrx_word' id='word_1_49' title='bbox 1454 1237 1626 1328; x_wconf 85' lang='lat' dir='ltr'>validior,</span> <span class='ocrx_word' id='word_1_50' title='bbox 1651 1263 1901 1338; x_wconf 85' lang='lat' dir='ltr'>nonuunquam</span> <span class='ocrx_word' id='word_1_51' title='bbox 1933 1237 2041 1312; x_wconf 90' lang='lat' dir='ltr'>immo</span> 
     </span>
     <span class='ocr_line' id='line_1_7' title="bbox 521 1359 2043 1461; baseline 0.001 -27"><span class='ocrx_word' id='word_1_52' title='bbox 521 1359 759 1435; x_wconf 87' lang='lat' dir='ltr'>sub-coriacea</span> <span class='ocrx_word' id='word_1_53' title='bbox 790 1378 853 1432; x_wconf 91' lang='lat' dir='ltr'>est.</span> <span class='ocrx_word' id='word_1_54' title='bbox 874 1361 1078 1459; x_wconf 78' lang='lat' dir='ltr'>Polygona,</span> <span class='ocrx_word' id='word_1_55' title='bbox 1105 1360 1230 1460; x_wconf 89' lang='lat' dir='ltr'>quibus</span> <span class='ocrx_word' id='word_1_56' title='bbox 1256 1361 1340 1436; x_wconf 87' lang='lat' dir='ltr'>solia</span> <span class='ocrx_word' id='word_1_57' title='bbox 1365 1383 1447 1436; x_wconf 89' lang='lat' dir='ltr'>sunt</span> <span class='ocrx_word' id='word_1_58' title='bbox 1468 1361 1812 1461; x_wconf 79' lang='lat' dir='ltr'>cordato-sagittata,</span> <span class='ocrx_word' id='word_1_59' title='bbox 1839 1363 2043 1461; x_wconf 87' lang='lat' dir='ltr'>plerumque</span> 
     </span>
     <span class='ocr_line' id='line_1_8' title="bbox 522 1483 2044 1585; baseline 0 -29"><span class='ocrx_word' id='word_1_60' title='bbox 522 1485 637 1558; x_wconf 91' lang='lat' dir='ltr'>nervis</span> <span class='ocrx_word' id='word_1_61' title='bbox 662 1483 821 1582; x_wconf 82' lang='lat' dir='ltr'>palmatis</span> <span class='ocrx_word' id='word_1_62' title='bbox 838 1483 1003 1583; x_wconf 84' lang='lat' dir='ltr'>gaudent.</span> <span class='ocrx_word' id='word_1_63' title='bbox 1021 1484 1140 1556; x_wconf 81' lang='lat' dir='ltr'>Sentio</span> <span class='ocrx_word' id='word_1_64' title='bbox 1159 1483 1324 1556; x_wconf 83' lang='lat' dir='ltr'>Tr&#39;rrr&#39;arr&#39;a</span> <span class='ocrx_word' id='word_1_65' title='bbox 1344 1511 1439 1558; x_wconf 90' lang='lat' dir='ltr'>nnnc</span> <span class='ocrx_word' id='word_1_66' title='bbox 1463 1485 1633 1584; x_wconf 82' lang='lat' dir='ltr'>palmatos</span> <span class='ocrx_word' id='word_1_67' title='bbox 1654 1511 1747 1558; x_wconf 93' lang='lat' dir='ltr'>uuuc</span> <span class='ocrx_word' id='word_1_68' title='bbox 1764 1485 1927 1585; x_wconf 88' lang='lat' dir='ltr'>pinnatos</span> <span class='ocrx_word' id='word_1_69' title='bbox 1947 1483 2044 1557; x_wconf 85' lang='lat' dir='ltr'>erhi-</span> 
     </span>
     <span class='ocr_line' id='line_1_9' title="bbox 503 1607 2044 1708; baseline 0 -28"><span class='ocrx_word' id='word_1_70' title='bbox 503 1609 581 1682; x_wconf 85' lang='lat' dir='ltr'>·bet</span> <span class='ocrx_word' id='word_1_71' title='bbox 605 1632 747 1694; x_wconf 89' lang='lat' dir='ltr'>nervos,</span> <span class='ocrx_word' id='word_1_72' title='bbox 766 1607 906 1706; x_wconf 82' lang='lat' dir='ltr'>reliquae</span> <span class='ocrx_word' id='word_1_73' title='bbox 925 1626 1040 1680; x_wconf 89' lang='lat' dir='ltr'>autem</span> <span class='ocrx_word' id='word_1_74' title='bbox 1058 1607 1231 1679; x_wconf 89' lang='lat' dir='ltr'>sectiones</span> <span class='ocrx_word' id='word_1_75' title='bbox 1247 1631 1386 1707; x_wconf 84' lang='lat' dir='ltr'>semper</span> <span class='ocrx_word' id='word_1_76' title='bbox 1404 1610 1566 1707; x_wconf 91' lang='lat' dir='ltr'>pinnatos</span> <span class='ocrx_word' id='word_1_77' title='bbox 1581 1607 1721 1681; x_wconf 82' lang='lat' dir='ltr'>habeut.</span> <span class='ocrx_word' id='word_1_78' title='bbox 1738 1609 1847 1682; x_wconf 88' lang='lat' dir='ltr'>Nervi</span> <span class='ocrx_word' id='word_1_79' title='bbox 1864 1628 2044 1708; x_wconf 88' lang='lat' dir='ltr'>totumque</span> 
     </span>
     <span class='ocr_line' id='line_1_10' title="bbox 523 1728 1819 1834; baseline 0 -29"><span class='ocrx_word' id='word_1_80' title='bbox 523 1752 597 1806; x_wconf 85' lang='lat' dir='ltr'>rete</span> <span class='ocrx_word' id='word_1_81' title='bbox 606 1756 776 1805; x_wconf 89' lang='lat' dir='ltr'>venosum</span> <span class='ocrx_word' id='word_1_82' title='bbox 794 1729 829 1803; x_wconf 93' lang='lat' dir='ltr'>iu</span> <span class='ocrx_word' id='word_1_83' title='bbox 849 1729 925 1803; x_wconf 86' lang='lat' dir='ltr'>lolii</span> <span class='ocrx_word' id='word_1_84' title='bbox 938 1728 1064 1830; x_wconf 81' lang='lat' dir='ltr'>pagina</span> <span class='ocrx_word' id='word_1_85' title='bbox 1078 1729 1244 1804; x_wconf 80' lang='lat' dir='ltr'>inferiore</span> <span class='ocrx_word' id='word_1_86' title='bbox 1258 1730 1464 1832; x_wconf 89' lang='lat' dir='ltr'>plerumque</span> <span class='ocrx_word' id='word_1_87' title='bbox 1483 1731 1593 1834; x_wconf 84' lang='lat' dir='ltr'>magis</span> <span class='ocrx_word' id='word_1_88' title='bbox 1608 1733 1819 1833; x_wconf 87' lang='lat' dir='ltr'>prominent.</span> 
     </span>
    </p>

    <p class='ocr_par' dir='ltr' id='par_1_3' title="bbox 523 1853 2048 2326">
     <span class='ocr_line' id='line_1_11' title="bbox 575 1853 2043 1956; baseline 0.001 -30"><span class='ocrx_word' id='word_1_89' title='bbox 575 1853 708 1954; x_wconf 78' lang='lat' dir='ltr'>Margo</span> <span class='ocrx_word' id='word_1_90' title='bbox 738 1861 917 1954; x_wconf 80' lang='lat' dir='ltr'>(excepto</span> <span class='ocrx_word' id='word_1_91' title='bbox 936 1853 1041 1926; x_wconf 94' lang='lat' dir='ltr'>unico</span> <span class='ocrx_word' id='word_1_92' title='bbox 1066 1856 1104 1926; x_wconf 86' lang='lat' dir='ltr'>P.</span> <span class='ocrx_word' id='word_1_93' title='bbox 1127 1854 1311 1929; x_wconf 88' lang='lat' dir='ltr'>runcinato</span> <span class='ocrx_word' id='word_1_94' title='bbox 1326 1857 1343 1952; x_wconf 94' lang='lat'>)</span> <span class='ocrx_word' id='word_1_95' title='bbox 1361 1855 1497 1954; x_wconf 79' lang='lat' dir='ltr'>integer</span> <span class='ocrx_word' id='word_1_96' title='bbox 1515 1876 1595 1946; x_wconf 89' lang='lat' dir='ltr'>est,</span> <span class='ocrx_word' id='word_1_97' title='bbox 1622 1857 1744 1956; x_wconf 84' lang='lat' dir='ltr'>planus</span> <span class='ocrx_word' id='word_1_98' title='bbox 1766 1855 1821 1928; x_wconf 88' lang='lat' dir='ltr'>vel</span> <span class='ocrx_word' id='word_1_99' title='bbox 1852 1854 2043 1928; x_wconf 87' lang='lat' dir='ltr'>undulato-</span> 
     </span>
     <span class='ocr_line' id='line_1_12' title="bbox 524 1977 2044 2080; baseline -0.002 -26"><span class='ocrx_word' id='word_1_100' title='bbox 524 1981 714 2080; x_wconf 86' lang='lat' dir='ltr'>crispatus‚</span> <span class='ocrx_word' id='word_1_101' title='bbox 735 2003 828 2078; x_wconf 81' lang='lat' dir='ltr'>saepe</span> <span class='ocrx_word' id='word_1_102' title='bbox 855 1996 998 2075; x_wconf 85' lang='lat' dir='ltr'>anguste</span> <span class='ocrx_word' id='word_1_103' title='bbox 1017 1977 1283 2076; x_wconf 84' lang='lat' dir='ltr'>cartilaginem,</span> <span class='ocrx_word' id='word_1_104' title='bbox 1307 1979 1403 2054; x_wconf 86' lang='lat' dir='ltr'>albus</span> <span class='ocrx_word' id='word_1_105' title='bbox 1423 1999 1458 2052; x_wconf 90' lang='lat' dir='ltr'>et</span> <span class='ocrx_word' id='word_1_106' title='bbox 1477 1979 1533 2054; x_wconf 91' lang='lat' dir='ltr'>vel</span> <span class='ocrx_word' id='word_1_107' title='bbox 1553 1978 1747 2052; x_wconf 85' lang='lat' dir='ltr'>crenulatus</span> <span class='ocrx_word' id='word_1_108' title='bbox 1766 1978 1819 2052; x_wconf 92' lang='lat' dir='ltr'>vel</span> <span class='ocrx_word' id='word_1_109' title='bbox 1843 1979 1970 2053; x_wconf 81' lang='lat' dir='ltr'>aculeis</span> <span class='ocrx_word' id='word_1_110' title='bbox 1994 1977 2044 2053; x_wconf 92' lang='lat' dir='ltr'>ci·</span> 
     </span>
     <span class='ocr_line' id='line_1_13' title="bbox 523 2099 2048 2203; baseline -0.003 -21"><span class='ocrx_word' id='word_1_111' title='bbox 523 2103 623 2182; x_wconf 89' lang='lat' dir='ltr'>liisve</span> <span class='ocrx_word' id='word_1_112' title='bbox 642 2101 803 2176; x_wconf 89' lang='lat' dir='ltr'>brevibus</span> <span class='ocrx_word' id='word_1_113' title='bbox 818 2099 993 2186; x_wconf 90' lang='lat' dir='ltr'>munitus,</span> <span class='ocrx_word' id='word_1_114' title='bbox 1013 2125 1187 2198; x_wconf 90' lang='lat' dir='ltr'>nunquam</span> <span class='ocrx_word' id='word_1_115' title='bbox 1205 2126 1286 2174; x_wconf 90' lang='lat' dir='ltr'>vere</span> <span class='ocrx_word' id='word_1_116' title='bbox 1305 2101 1466 2178; x_wconf 88' lang='lat' dir='ltr'>dentatus</span> <span class='ocrx_word' id='word_1_117' title='bbox 1480 2102 1536 2178; x_wconf 89' lang='lat' dir='ltr'>vel</span> <span class='ocrx_word' id='word_1_118' title='bbox 1550 2122 1708 2194; x_wconf 85' lang='lat' dir='ltr'>serratus,</span> <span class='ocrx_word' id='word_1_119' title='bbox 1719 2102 1960 2203; x_wconf 81' lang='lat' dir='ltr'>asperitatibus</span> <span class='ocrx_word' id='word_1_120' title='bbox 1972 2100 2048 2178; x_wconf 85' lang='lat' dir='ltr'>istis</span> 
     </span>
     <span class='ocr_line' id='line_1_14' title="bbox 525 2221 1427 2326; baseline -0.007 -24"><span class='ocrx_word' id='word_1_121' title='bbox 525 2252 704 2326; x_wconf 87' lang='lat' dir='ltr'>nunquam</span> <span class='ocrx_word' id='word_1_122' title='bbox 721 2223 758 2297; x_wconf 91' lang='lat' dir='ltr'>in</span> <span class='ocrx_word' id='word_1_123' title='bbox 775 2223 875 2295; x_wconf 92' lang='lat' dir='ltr'>limbi</span> <span class='ocrx_word' id='word_1_124' title='bbox 899 2221 1125 2298; x_wconf 85' lang='lat' dir='ltr'>substantiam</span> <span class='ocrx_word' id='word_1_125' title='bbox 1147 2224 1427 2322; x_wconf 87' lang='lat' dir='ltr'>penetrantibus.</span> 
     </span>
    </p>

    <p class='ocr_par' dir='ltr' id='par_1_4' title="bbox 522 2344 2055 4428">
     <span class='ocr_line' id='line_1_15' title="bbox 575 2344 2046 2450; baseline 0.001 -29"><span class='ocrx_word' id='word_1_126' title='bbox 575 2344 792 2450; x_wconf 82' lang='lat' dir='ltr'>Superficies</span> <span class='ocrx_word' id='word_1_127' title='bbox 809 2345 1011 2446; x_wconf 83' lang='lat' dir='ltr'>plerumque</span> <span class='ocrx_word' id='word_1_128' title='bbox 1028 2344 1143 2444; x_wconf 89' lang='lat' dir='ltr'>plana,</span> <span class='ocrx_word' id='word_1_129' title='bbox 1160 2346 1265 2421; x_wconf 89' lang='lat' dir='ltr'>rarius</span> <span class='ocrx_word' id='word_1_130' title='bbox 1290 2348 1457 2422; x_wconf 85' lang='lat' dir='ltr'>undulata</span> <span class='ocrx_word' id='word_1_131' title='bbox 1481 2366 1561 2442; x_wconf 84' lang='lat' dir='ltr'>est,</span> <span class='ocrx_word' id='word_1_132' title='bbox 1596 2349 1693 2424; x_wconf 88' lang='lat' dir='ltr'>vario</span> <span class='ocrx_word' id='word_1_133' title='bbox 1717 2346 1826 2422; x_wconf 88' lang='lat' dir='ltr'>modo</span> <span class='ocrx_word' id='word_1_134' title='bbox 1852 2348 2046 2450; x_wconf 83' lang='lat' dir='ltr'>pubescens</span> 
     </span>
     <span class='ocr_line' id='line_1_16' title="bbox 525 2468 2047 2576; baseline -0.005 -26"><span class='ocrx_word' id='word_1_135' title='bbox 525 2472 581 2550; x_wconf 89' lang='lat' dir='ltr'>vel</span> <span class='ocrx_word' id='word_1_136' title='bbox 599 2472 729 2576; x_wconf 82' lang='lat' dir='ltr'>glabre.</span> <span class='ocrx_word' id='word_1_137' title='bbox 746 2468 916 2572; x_wconf 90' lang='lat' dir='ltr'>Superior</span> <span class='ocrx_word' id='word_1_138' title='bbox 933 2475 1137 2571; x_wconf 87' lang='lat' dir='ltr'>plerumque</span> <span class='ocrx_word' id='word_1_139' title='bbox 1165 2469 1350 2546; x_wconf 89' lang='lat' dir='ltr'>rarioribus</span> <span class='ocrx_word' id='word_1_140' title='bbox 1375 2469 1488 2546; x_wconf 90' lang='lat' dir='ltr'>obsita</span> <span class='ocrx_word' id='word_1_141' title='bbox 1509 2471 1589 2572; x_wconf 88' lang='lat' dir='ltr'>pilis</span> <span class='ocrx_word' id='word_1_142' title='bbox 1606 2497 1648 2544; x_wconf 91' lang='lat' dir='ltr'>ac</span> <span class='ocrx_word' id='word_1_143' title='bbox 1665 2469 1831 2562; x_wconf 80' lang='lat' dir='ltr'>inleri0r3</span> <span class='ocrx_word' id='word_1_144' title='bbox 1851 2491 1994 2572; x_wconf 86' lang='lat' dir='ltr'>utraque</span> <span class='ocrx_word' id='word_1_145' title='bbox 2007 2470 2047 2543; x_wconf 86' lang='lat' dir='ltr'>iu</span> 
     </span>
     <span class='ocr_line' id='line_1_17' title="bbox 522 2591 2048 2700; baseline -0.005 -24"><span class='ocrx_word' id='word_1_146' title='bbox 522 2597 646 2697; x_wconf 83' lang='lat' dir='ltr'>majori</span> <span class='ocrx_word' id='word_1_147' title='bbox 672 2594 869 2700; x_wconf 85' lang='lat' dir='ltr'>specierum</span> <span class='ocrx_word' id='word_1_148' title='bbox 892 2620 1036 2667; x_wconf 88' lang='lat' dir='ltr'>numero</span> <span class='ocrx_word' id='word_1_149' title='bbox 1063 2591 1202 2693; x_wconf 88' lang='lat' dir='ltr'>punctis</span> <span class='ocrx_word' id='word_1_150' title='bbox 1232 2593 1471 2667; x_wconf 86' lang='lat' dir='ltr'>minutissimis</span> <span class='ocrx_word' id='word_1_151' title='bbox 1502 2593 1641 2681; x_wconf 90' lang='lat' dir='ltr'>densis,</span> <span class='ocrx_word' id='word_1_152' title='bbox 1664 2593 1720 2667; x_wconf 90' lang='lat' dir='ltr'>vel</span> <span class='ocrx_word' id='word_1_153' title='bbox 1749 2593 1937 2692; x_wconf 85' lang='lat' dir='ltr'>majoribus</span> <span class='ocrx_word' id='word_1_154' title='bbox 1964 2619 2048 2692; x_wconf 87' lang='lat' dir='ltr'>pau·</span> 
     </span>
     <span class='ocr_line' id='line_1_18' title="bbox 523 2715 2048 2818; baseline -0.005 -20"><span class='ocrx_word' id='word_1_155' title='bbox 523 2721 677 2798; x_wconf 90' lang='lat' dir='ltr'>cioribus</span> <span class='ocrx_word' id='word_1_156' title='bbox 699 2737 829 2796; x_wconf 85' lang='lat' dir='ltr'>notate.</span> <span class='ocrx_word' id='word_1_157' title='bbox 858 2719 946 2794; x_wconf 71' lang='lat' dir='ltr'>Haec</span> <span class='ocrx_word' id='word_1_158' title='bbox 972 2737 1101 2818; x_wconf 86' lang='lat' dir='ltr'>puncta</span> <span class='ocrx_word' id='word_1_159' title='bbox 1119 2718 1333 2818; x_wconf 88' lang='lat' dir='ltr'>prominula,</span> <span class='ocrx_word' id='word_1_160' title='bbox 1364 2742 1474 2818; x_wconf 86' lang='lat' dir='ltr'>opaca</span> <span class='ocrx_word' id='word_1_161' title='bbox 1500 2717 1555 2790; x_wconf 88' lang='lat' dir='ltr'>vel</span> <span class='ocrx_word' id='word_1_162' title='bbox 1576 2717 1772 2815; x_wconf 76' lang='lat' dir='ltr'>pellucido,</span> <span class='ocrx_word' id='word_1_163' title='bbox 1798 2717 1975 2790; x_wconf 87' lang='lat' dir='ltr'>interdum</span> <span class='ocrx_word' id='word_1_164' title='bbox 1994 2715 2048 2816; x_wconf 90' lang='lat' dir='ltr'>pi·</span> 
     </span>
     <span class='ocr_line' id='line_1_19' title="bbox 522 2840 2050 2941; baseline -0.004 -22"><span class='ocrx_word' id='word_1_165' title='bbox 522 2846 639 2920; x_wconf 92' lang='lat' dir='ltr'>lorum</span> <span class='ocrx_word' id='word_1_166' title='bbox 656 2843 892 2921; x_wconf 84' lang='lat' dir='ltr'>abortivorum</span> <span class='ocrx_word' id='word_1_167' title='bbox 916 2842 1029 2934; x_wconf 89' lang='lat' dir='ltr'>bulbi,</span> <span class='ocrx_word' id='word_1_168' title='bbox 1057 2841 1233 2916; x_wconf 88' lang='lat' dir='ltr'>interdum</span> <span class='ocrx_word' id='word_1_169' title='bbox 1249 2859 1366 2917; x_wconf 92' lang='lat' dir='ltr'>autem</span> <span class='ocrx_word' id='word_1_170' title='bbox 1394 2841 1573 2940; x_wconf 80' lang='lat' dir='ltr'>glandulae</span> <span class='ocrx_word' id='word_1_171' title='bbox 1601 2840 1810 2941; x_wconf 89' lang='lat' dir='ltr'>epidermidi</span> <span class='ocrx_word' id='word_1_172' title='bbox 1828 2840 2050 2940; x_wconf 80' lang='lat' dir='ltr'>subjacentes</span> 
     </span>
     <span class='ocr_line' id='line_1_20' title="bbox 523 2963 2049 3074; baseline -0.003 -29"><span class='ocrx_word' id='word_1_173' title='bbox 523 2995 600 3045; x_wconf 91' lang='lat' dir='ltr'>esse</span> <span class='ocrx_word' id='word_1_174' title='bbox 630 2989 727 3068; x_wconf 86' lang='lat' dir='ltr'>puto.</span> <span class='ocrx_word' id='word_1_175' title='bbox 753 2967 928 3074; x_wconf 81' lang='lat' dir='ltr'>Opinioui</span> <span class='ocrx_word' id='word_1_176' title='bbox 956 2965 1157 3041; x_wconf 89' lang='lat' dir='ltr'>amicissimi</span> <span class='ocrx_word' id='word_1_177' title='bbox 1182 2965 1320 3062; x_wconf 82' lang='lat' dir='ltr'>lloupcr</span> <span class='ocrx_word' id='word_1_178' title='bbox 1341 2965 1399 3058; x_wconf 84' lang='lat'>(2)</span> <span class='ocrx_word' id='word_1_179' title='bbox 1426 2966 1587 3038; x_wconf 87' lang='lat' dir='ltr'>lubenter</span> <span class='ocrx_word' id='word_1_180' title='bbox 1615 2965 1842 3057; x_wconf 86' lang='lat' dir='ltr'>accederem,</span> <span class='ocrx_word' id='word_1_181' title='bbox 1867 2965 1927 3066; x_wconf 93' lang='lat' dir='ltr'>qui</span> <span class='ocrx_word' id='word_1_182' title='bbox 1951 2963 2049 3040; x_wconf 89' lang='lat' dir='ltr'>simi-</span> 
     </span>
     <span class='ocr_line' id='line_1_21' title="bbox 525 3087 2051 3192; baseline -0.003 -26"><span class='ocrx_word' id='word_1_183' title='bbox 525 3092 618 3166; x_wconf 90' lang='lat' dir='ltr'>libus</span> <span class='ocrx_word' id='word_1_184' title='bbox 637 3089 879 3192; x_wconf 84' lang='lat' dir='ltr'>asperitatibus</span> <span class='ocrx_word' id='word_1_185' title='bbox 903 3090 940 3164; x_wconf 89' lang='lat' dir='ltr'>iu</span> <span class='ocrx_word' id='word_1_186' title='bbox 967 3088 1062 3163; x_wconf 85' lang='lat' dir='ltr'>foliis</span> <span class='ocrx_word' id='word_1_187' title='bbox 1079 3087 1362 3188; x_wconf 88' lang='lat' dir='ltr'>Euphorbiarum</span> <span class='ocrx_word' id='word_1_188' title='bbox 1389 3089 1633 3162; x_wconf 88' lang='lat' dir='ltr'>nonnullarum</span> <span class='ocrx_word' id='word_1_189' title='bbox 1660 3090 1920 3164; x_wconf 82' lang='lat' dir='ltr'>occurrentibus</span> <span class='ocrx_word' id='word_1_190' title='bbox 1943 3087 2051 3189; x_wconf 78' lang='lat' dir='ltr'>origi·</span> 
     </span>
     <span class='ocr_line' id='line_1_22' title="bbox 527 3211 2052 3314; baseline 0.002 -27"><span class='ocrx_word' id='word_1_191' title='bbox 527 3242 611 3290; x_wconf 88' lang='lat' dir='ltr'>uem</span> <span class='ocrx_word' id='word_1_192' title='bbox 637 3212 801 3289; x_wconf 85' lang='lat' dir='ltr'>adscribit</span> <span class='ocrx_word' id='word_1_193' title='bbox 822 3239 963 3303; x_wconf 89' lang='lat' dir='ltr'>earum,</span> <span class='ocrx_word' id='word_1_194' title='bbox 989 3215 1127 3314; x_wconf 83' lang='lat' dir='ltr'>quasin</span> <span class='ocrx_word' id='word_1_195' title='bbox 1153 3211 1370 3313; x_wconf 82' lang='lat' dir='ltr'>quarundam</span> <span class='ocrx_word' id='word_1_196' title='bbox 1390 3214 1587 3314; x_wconf 87' lang='lat' dir='ltr'>specierum</span> <span class='ocrx_word' id='word_1_197' title='bbox 1600 3213 1804 3313; x_wconf 87' lang='lat' dir='ltr'>pericarpiis</span> <span class='ocrx_word' id='word_1_198' title='bbox 1819 3216 2052 3290; x_wconf 82' lang='lat' dir='ltr'>observamus.</span> 
     </span>
     <span class='ocr_line' id='line_1_23' title="bbox 527 3329 2052 3441; baseline -0.002 -27"><span class='ocrx_word' id='word_1_199' title='bbox 527 3329 648 3414; x_wconf 81' lang='lat' dir='ltr'>Plures</span> <span class='ocrx_word' id='word_1_200' title='bbox 667 3339 761 3412; x_wconf 90' lang='lat' dir='ltr'>enim</span> <span class='ocrx_word' id='word_1_201' title='bbox 779 3338 1046 3441; x_wconf 82' lang='lat' dir='ltr'>Polygonorum</span> <span class='ocrx_word' id='word_1_202' title='bbox 1075 3334 1211 3436; x_wconf 90' lang='lat' dir='ltr'>species</span> <span class='ocrx_word' id='word_1_203' title='bbox 1233 3353 1297 3432; x_wconf 71' lang='lat' dir='ltr'>tv.</span> <span class='ocrx_word' id='word_1_204' title='bbox 1313 3362 1348 3440; x_wconf 85' lang='lat' dir='ltr'>g.</span> <span class='ocrx_word' id='word_1_205' title='bbox 1372 3340 1410 3410; x_wconf 91' lang='lat' dir='ltr'>P.</span> <span class='ocrx_word' id='word_1_206' title='bbox 1428 3338 1620 3426; x_wconf 77' lang='lat' dir='ltr'>aniculare,</span> <span class='ocrx_word' id='word_1_207' title='bbox 1645 3337 1903 3427; x_wconf 90' lang='lat' dir='ltr'>Cnnvolvulus,</span> <span class='ocrx_word' id='word_1_208' title='bbox 1934 3339 2052 3438; x_wconf 88' lang='lat' dir='ltr'>Nepa·</span> 
     </span>
     <span class='ocr_line' id='line_1_24' title="bbox 526 3455 2052 3566; baseline -0.002 -28"><span class='ocrx_word' id='word_1_209' title='bbox 526 3455 623 3538; x_wconf 86' lang='lat' dir='ltr'>leuse</span> <span class='ocrx_word' id='word_1_210' title='bbox 649 3480 719 3538; x_wconf 92' lang='lat' dir='ltr'>etc.</span> <span class='ocrx_word' id='word_1_211' title='bbox 741 3475 765 3552; x_wconf 73' lang='lat' dir='ltr'>l,</span> <span class='ocrx_word' id='word_1_212' title='bbox 789 3488 868 3564; x_wconf 67' lang='lat' dir='ltr'>quta</span> <span class='ocrx_word' id='word_1_213' title='bbox 895 3461 1129 3566; x_wconf 88' lang='lat' dir='ltr'>pericarpium</span> <span class='ocrx_word' id='word_1_214' title='bbox 1155 3460 1288 3535; x_wconf 85' lang='lat' dir='ltr'>habeut</span> <span class='ocrx_word' id='word_1_215' title='bbox 1317 3463 1557 3560; x_wconf 89' lang='lat' dir='ltr'>punctato-vel</span> <span class='ocrx_word' id='word_1_216' title='bbox 1586 3460 1967 3562; x_wconf 78' lang='lat' dir='ltr'>graculum-striatam,</span> <span class='ocrx_word' id='word_1_217' title='bbox 1996 3487 2052 3536; x_wconf 91' lang='lat' dir='ltr'>stt·</span> 
     </span>
     <span class='ocr_line' id='line_1_25' title="bbox 525 3584 2052 3688; baseline -0.001 -26"><span class='ocrx_word' id='word_1_218' title='bbox 525 3588 705 3688; x_wconf 88' lang='lat' dir='ltr'>perficiem</span> <span class='ocrx_word' id='word_1_219' title='bbox 726 3612 863 3688; x_wconf 89' lang='lat' dir='ltr'>quoque</span> <span class='ocrx_word' id='word_1_220' title='bbox 891 3586 1081 3678; x_wconf 84' lang='lat' dir='ltr'>foliorum,</span> <span class='ocrx_word' id='word_1_221' title='bbox 1110 3607 1167 3663; x_wconf 89' lang='lat' dir='ltr'>aut</span> <span class='ocrx_word' id='word_1_222' title='bbox 1201 3585 1405 3660; x_wconf 81' lang='lat' dir='ltr'>inferiorem</span> <span class='ocrx_word' id='word_1_223' title='bbox 1433 3604 1568 3660; x_wconf 86' lang='lat' dir='ltr'>tanturn</span> <span class='ocrx_word' id='word_1_224' title='bbox 1585 3606 1642 3661; x_wconf 89' lang='lat' dir='ltr'>aut</span> <span class='ocrx_word' id='word_1_225' title='bbox 1669 3605 1848 3684; x_wconf 85' lang='lat' dir='ltr'>utramque</span> <span class='ocrx_word' id='word_1_226' title='bbox 1868 3584 2052 3660; x_wconf 80' lang='lat' dir='ltr'>manifeste</span> 
     </span>
     <span class='ocr_line' id='line_1_26' title="bbox 530 3705 2054 3808; baseline 0 -26"><span class='ocrx_word' id='word_1_227' title='bbox 530 3705 670 3808; x_wconf 86' lang='lat' dir='ltr'>punctis</span> <span class='ocrx_word' id='word_1_228' title='bbox 694 3709 767 3784; x_wconf 87' lang='lat' dir='ltr'>istis</span> <span class='ocrx_word' id='word_1_229' title='bbox 793 3710 991 3808; x_wconf 88' lang='lat' dir='ltr'>adspersam</span> <span class='ocrx_word' id='word_1_230' title='bbox 1014 3709 1214 3782; x_wconf 90' lang='lat' dir='ltr'>ostendunt.</span> <span class='ocrx_word' id='word_1_231' title='bbox 1238 3707 1508 3784; x_wconf 86' lang='lat' dir='ltr'>Observandum</span> <span class='ocrx_word' id='word_1_232' title='bbox 1536 3728 1676 3799; x_wconf 88' lang='lat' dir='ltr'>tamen,</span> <span class='ocrx_word' id='word_1_233' title='bbox 1707 3709 1854 3783; x_wconf 91' lang='lat' dir='ltr'>eandem</span> <span class='ocrx_word' id='word_1_234' title='bbox 1887 3708 2054 3782; x_wconf 83' lang='lat' dir='ltr'>soliorum</span> 
     </span>
     <span class='ocr_line' id='line_1_27' title="bbox 529 3825 2051 3934; baseline 0 -28"><span class='ocrx_word' id='word_1_235' title='bbox 529 3833 686 3908; x_wconf 89' lang='lat' dir='ltr'>indolem</span> <span class='ocrx_word' id='word_1_236' title='bbox 701 3833 736 3905; x_wconf 93' lang='lat' dir='ltr'>in</span> <span class='ocrx_word' id='word_1_237' title='bbox 749 3832 864 3905; x_wconf 92' lang='lat' dir='ltr'>multis</span> <span class='ocrx_word' id='word_1_238' title='bbox 874 3857 1013 3934; x_wconf 89' lang='lat' dir='ltr'>quoque</span> <span class='ocrx_word' id='word_1_239' title='bbox 1026 3857 1207 3905; x_wconf 87' lang='lat' dir='ltr'>occurrere</span> <span class='ocrx_word' id='word_1_240' title='bbox 1220 3832 1415 3932; x_wconf 88' lang='lat' dir='ltr'>speciebus,</span> <span class='ocrx_word' id='word_1_241' title='bbox 1426 3825 1573 3933; x_wconf 87' lang='lat' dir='ltr'>quarum</span> <span class='ocrx_word' id='word_1_242' title='bbox 1582 3830 1767 3905; x_wconf 89' lang='lat' dir='ltr'>acheuium</span> <span class='ocrx_word' id='word_1_243' title='bbox 1777 3830 1863 3906; x_wconf 86' lang='lat' dir='ltr'>laeve</span> <span class='ocrx_word' id='word_1_244' title='bbox 1872 3850 1936 3908; x_wconf 88' lang='lat' dir='ltr'>est.</span> <span class='ocrx_word' id='word_1_245' title='bbox 1947 3831 2051 3906; x_wconf 77' lang='lat' dir='ltr'>Pilus</span> 
     </span>
     <span class='ocr_line' id='line_1_28' title="bbox 529 3947 2055 4058; baseline 0 -28"><span class='ocrx_word' id='word_1_246' title='bbox 529 3947 667 4056; x_wconf 79' lang='lat' dir='ltr'>semper</span> <span class='ocrx_word' id='word_1_247' title='bbox 679 3955 751 4030; x_wconf 91' lang='lat' dir='ltr'>vidi</span> <span class='ocrx_word' id='word_1_248' title='bbox 763 3954 953 4054; x_wconf 89' lang='lat' dir='ltr'>simplices,</span> <span class='ocrx_word' id='word_1_249' title='bbox 963 3981 1140 4054; x_wconf 90' lang='lat' dir='ltr'>uunquam</span> <span class='ocrx_word' id='word_1_250' title='bbox 1151 3979 1305 4032; x_wconf 88' lang='lat' dir='ltr'>ramosos</span> <span class='ocrx_word' id='word_1_251' title='bbox 1320 3954 1761 4054; x_wconf 76' lang='lat' dir='ltr'>aurstellatimdispositos,</span> <span class='ocrx_word' id='word_1_252' title='bbox 1775 3955 1899 4058; x_wconf 86' lang='lat' dir='ltr'>saepius</span> <span class='ocrx_word' id='word_1_253' title='bbox 1912 3953 2055 4058; x_wconf 78' lang='lat' dir='ltr'>fugaces</span> 
     </span>
     <span class='ocr_line' id='line_1_29' title="bbox 530 4075 2055 4180; baseline 0.001 -27"><span class='ocrx_word' id='word_1_254' title='bbox 530 4097 566 4153; x_wconf 85' lang='lat' dir='ltr'>et</span> <span class='ocrx_word' id='word_1_255' title='bbox 577 4075 714 4178; x_wconf 91' lang='lat' dir='ltr'>(paucis</span> <span class='ocrx_word' id='word_1_256' title='bbox 728 4075 910 4176; x_wconf 88' lang='lat' dir='ltr'>speciebus</span> <span class='ocrx_word' id='word_1_257' title='bbox 923 4077 1095 4179; x_wconf 72' lang='lat' dir='ltr'>exceptis)</span> <span class='ocrx_word' id='word_1_258' title='bbox 1110 4079 1246 4170; x_wconf 89' lang='lat' dir='ltr'>breves,</span> <span class='ocrx_word' id='word_1_259' title='bbox 1260 4077 1395 4180; x_wconf 82' lang='lat' dir='ltr'>rigidos</span> <span class='ocrx_word' id='word_1_260' title='bbox 1407 4094 1466 4154; x_wconf 84' lang='lat' dir='ltr'>aut</span> <span class='ocrx_word' id='word_1_261' title='bbox 1483 4079 1618 4168; x_wconf 91' lang='lat' dir='ltr'>molles,</span> <span class='ocrx_word' id='word_1_262' title='bbox 1633 4077 1808 4154; x_wconf 91' lang='lat' dir='ltr'>interdum</span> <span class='ocrx_word' id='word_1_263' title='bbox 1819 4081 2055 4178; x_wconf 86' lang='lat' dir='ltr'>glandulosos.</span> 
     </span>
     <span class='ocr_line' id='line_1_30' title="bbox 530 4185 2054 4304; baseline 0.005 -28"><span class='ocrx_word' id='word_1_264' title='bbox 530 4185 791 4302; x_wconf 85' lang='lat' dir='ltr'>lnquibusdam</span> <span class='ocrx_word' id='word_1_265' title='bbox 819 4202 1009 4302; x_wconf 82' lang='lat' dir='ltr'>Polygouis</span> <span class='ocrx_word' id='word_1_266' title='bbox 1026 4203 1183 4278; x_wconf 91' lang='lat' dir='ltr'>medium</span> <span class='ocrx_word' id='word_1_267' title='bbox 1203 4205 1300 4304; x_wconf 89' lang='lat' dir='ltr'>qnasi</span> <span class='ocrx_word' id='word_1_268' title='bbox 1323 4223 1441 4280; x_wconf 89' lang='lat' dir='ltr'>tenere</span> <span class='ocrx_word' id='word_1_269' title='bbox 1464 4205 1627 4280; x_wconf 90' lang='lat' dir='ltr'>videntur</span> <span class='ocrx_word' id='word_1_270' title='bbox 1640 4201 1730 4278; x_wconf 89' lang='lat' dir='ltr'>inter</span> <span class='ocrx_word' id='word_1_271' title='bbox 1752 4202 1833 4279; x_wconf 90' lang='lat' dir='ltr'>cilia</span> <span class='ocrx_word' id='word_1_272' title='bbox 1857 4225 1890 4280; x_wconf 88' lang='lat' dir='ltr'>et</span> <span class='ocrx_word' id='word_1_273' title='bbox 1905 4208 2054 4284; x_wconf 81' lang='lat' dir='ltr'>aculeos·</span> 
     </span>
     <span class='ocr_line' id='line_1_31' title="bbox 531 4323 2054 4428; baseline 0.005 -28"><span class='ocrx_word' id='word_1_274' title='bbox 531 4325 633 4428; x_wconf 87' lang='lat' dir='ltr'>(Cl.</span> <span class='ocrx_word' id='word_1_275' title='bbox 670 4329 710 4399; x_wconf 88' lang='lat' dir='ltr'>P.</span> <span class='ocrx_word' id='word_1_276' title='bbox 753 4325 965 4426; x_wconf 86' lang='lat' dir='ltr'>sagittatum.</span> <span class='ocrx_word' id='word_1_277' title='bbox 995 4328 1011 4423; x_wconf 95' lang='lat'>)</span> <span class='ocrx_word' id='word_1_278' title='bbox 1044 4326 1212 4426; x_wconf 86' lang='lat' dir='ltr'>Superior</span> <span class='ocrx_word' id='word_1_279' title='bbox 1267 4323 1435 4402; x_wconf 84' lang='lat' dir='ltr'>loliorum</span> <span class='ocrx_word' id='word_1_280' title='bbox 1465 4327 1590 4408; x_wconf 81' lang='lat' dir='ltr'>facies,</span> <span class='ocrx_word' id='word_1_281' title='bbox 1614 4355 1751 4428; x_wconf 89' lang='lat' dir='ltr'>semper</span> <span class='ocrx_word' id='word_1_282' title='bbox 1778 4332 1895 4406; x_wconf 91' lang='lat' dir='ltr'>colore</span> <span class='ocrx_word' id='word_1_283' title='bbox 1923 4350 2054 4408; x_wconf 86' lang='lat' dir='ltr'>satura·</span> 
     </span>
    </p>
   </div>
   <div class='ocr_carea' id='block_1_2' title="bbox 545 4631 2055 4934">
    <p class='ocr_par' dir='ltr' id='par_1_5' title="bbox 545 4631 2055 4934">
     <span class='ocr_line' id='line_1_32' title="bbox 577 4631 2055 4726; baseline 0.005 -28"><span class='ocrx_word' id='word_1_284' title='bbox 577 4639 627 4714; x_wconf 71' lang='lat' dir='ltr'>(r)</span> <span class='ocrx_word' id='word_1_285' title='bbox 648 4632 790 4708; x_wconf 75' lang='lat' dir='ltr'>Videatur</span> <span class='ocrx_word' id='word_1_286' title='bbox 806 4655 867 4714; x_wconf 77' lang='lat' dir='ltr'>qua</span> <span class='ocrx_word' id='word_1_287' title='bbox 886 4633 922 4694; x_wconf 83' lang='lat' dir='ltr'>de</span> <span class='ocrx_word' id='word_1_288' title='bbox 941 4653 1010 4696; x_wconf 76' lang='lat' dir='ltr'>vera</span> <span class='ocrx_word' id='word_1_289' title='bbox 1023 4631 1156 4701; x_wconf 85' lang='lat' dir='ltr'>loliorum</span> <span class='ocrx_word' id='word_1_290' title='bbox 1171 4633 1329 4700; x_wconf 75' lang='lat' dir='ltr'>insertione</span> <span class='ocrx_word' id='word_1_291' title='bbox 1344 4631 1518 4701; x_wconf 79' lang='lat' dir='ltr'>observavit</span> <span class='ocrx_word' id='word_1_292' title='bbox 1530 4634 1641 4702; x_wconf 77' lang='lat' dir='ltr'>arnicas</span> <span class='ocrx_word' id='word_1_293' title='bbox 1655 4637 1690 4704; x_wconf 77' lang='lat' dir='ltr'>J.</span> <span class='ocrx_word' id='word_1_294' title='bbox 1710 4639 1827 4723; x_wconf 65' lang='lat' dir='ltr'>tvm</span> <span class='ocrx_word' id='word_1_295' title='bbox 1843 4639 2055 4726; x_wconf 66' lang='lat' dir='ltr'>inpunitos·</span> 
     </span>
     <span class='ocr_line' id='line_1_33' title="bbox 545 4741 1171 4843; baseline 0.006 -43"><span class='ocrx_word' id='word_1_296' title='bbox 545 4742 778 4804; x_wconf 84' lang='lat' dir='ltr'>Enumerationis</span> <span class='ocrx_word' id='word_1_297' title='bbox 797 4741 1047 4831; x_wconf 79' lang='lat' dir='ltr'>Euphorbiamttt,</span> <span class='ocrx_word' id='word_1_298' title='bbox 1063 4763 1096 4843; x_wconf 66' lang='lat' dir='ltr'>p.</span> <span class='ocrx_word' id='word_1_299' title='bbox 1112 4762 1171 4806; x_wconf 80' lang='lat' dir='ltr'>vtr.</span> 
     </span>
     <span class='ocr_line' id='line_1_34' title="bbox 587 4849 943 4934; baseline 0 -24"><span class='ocrx_word' id='word_1_300' title='bbox 587 4849 637 4927; x_wconf 81' lang='lat' dir='ltr'>(a)</span> <span class='ocrx_word' id='word_1_301' title='bbox 653 4850 711 4910; x_wconf 85' lang='lat' dir='ltr'>Eu.</span> <span class='ocrx_word' id='word_1_302' title='bbox 729 4849 828 4931; x_wconf 85' lang='lat' dir='ltr'>Euph.</span> <span class='ocrx_word' id='word_1_303' title='bbox 842 4871 874 4934; x_wconf 88' lang='lat' dir='ltr'>p.</span> <span class='ocrx_word' id='word_1_304' title='bbox 891 4871 943 4911; x_wconf 82' lang='lat' dir='ltr'>ar.</span> 
     </span>
    </p>
   </div>
   <div class='ocr_carea' id='block_1_3' title="bbox 0 0 2386 6076">
    <p class='ocr_par' dir='ltr' id='par_1_6' title="bbox 0 0 2386 6076">
     <span class='ocr_line' id='line_1_35' title="bbox 0 0 2386 6076; baseline 0 0"><span class='ocrx_word' id='word_1_305' title='bbox 0 0 2386 6076; x_wconf 95' lang='lat' dir='ltr'> </span> 
     </span>
    </p>
   </div>
  </div>
 </body>
</html>
