4722 6076
981 571 999 666 (
1048 593 1091 646 ar
1144 574 1198 678 )·

319 747 402 826 qnae
432 723 467 796 in
497 721 580 822 ipsis
606 721 693 794 locis
715 718 884 796 natalibus
909 717 1036 818 plantae
1064 719 1199 793 institui
1226 719 1359 809 curari,
1394 718 1444 792 nil
1481 717 1734 806 exbibuerunt,
1755 739 1826 817 quo

318 849 546 950 probaretur,
573 873 593 918 e
618 844 770 919 bulbillis
796 843 937 918 ulterius
961 843 1109 918 evolutis
1127 844 1260 943 plantas
1274 842 1443 942 perlectas
1462 843 1573 944 gigni.
1587 841 1694 936 Quod
1711 863 1828 916 tamen

317 971 436 1046 forsan
463 971 573 1044 causis
600 967 750 1042 externis
776 986 810 1040 et
834 968 982 1042 siccitati
1012 967 1150 1042 aestatis
1179 968 1407 1067 praeterlapsae
1439 966 1725 1054 attribuendum
1752 967 1827 1042 scio

320 1095 427 1183 enim,
444 1094 479 1166 in
495 1092 603 1166 bortis
616 1091 787 1166 botanicis
800 1090 973 1191 plerisque
989 1091 1151 1164 balbillus
1164 1091 1203 1164 Ρ.
1217 1091 1362 1190 vivipari
1377 1101 1496 1191 (aeque
1510 1117 1550 1166 ac
1569 1091 1711 1167 aliarum
1725 1091 1828 1190 plan-

318 1235 430 1292 tarum
447 1217 709 1312 bulbiferarum)
727 1213 853 1289 servari
866 1209 900 1287 et
913 1213 1042 1314 speciei
1055 1215 1289 1316 propagandae
1303 1215 1480 1289 inservire.

367 1367 401 1414 2.
427 1339 628 1439 Capitulum
654 1338 691 1410 in
716 1337 834 1436 paucis
865 1356 997 1413 tantum
1013 1339 1198 1436 speciebus
1213 1339 1376 1412 sectionis
1392 1338 1603 1440 Aconogoni
1625 1358 1659 1412 et
1673 1337 1828 1438 pluribus

317 1463 515 1538 Persicariis
532 1463 692 1535 occurrit.
708 1463 780 1534 Aut
797 1457 1033 1559 pedunculum
1048 1461 1242 1560 simplicem
1268 1463 1324 1536 rel
1350 1462 1394 1535 ad
1416 1487 1588 1535 summum
1607 1459 1829 1560 disracbyum

318 1583 392 1680 (cf.
422 1587 510 1660 Tab.
528 1587 625 1680 vlt.)
642 1583 801 1658 terminat
820 1568 897 1676 '(P.
914 1579 1136 1678 sagittatum,
1158 1585 1372 1680 urr’folr'um,
1402 1585 1627 1684 Nepuleuse,
1656 1587 1830 1657 microco-

311 1706 488 1808 plralum,
519 1705 719 1797 Wullr'clrr'r‘,
737 1709 827 1802 etc.)
854 1727 912 1780 out
939 1734 1077 1812 quoque
1102 1707 1174 1782 artis
1187 1707 1320 1782 florifer
1340 1709 1585 1810 (pedunculus
1605 1708 1830 1802 communis)

316 1831 524 1905 ramilicatus
542 1831 577 1904 in
596 1831 802 1930 corymbum
819 1828 875 1906 vet
891 1832 1088 1932 paniculam
1110 1831 1204 1920 abit,
1231 1859 1379 1934 quorum
1407 1834 1530 1908 ramuli
1555 1833 1712 1934 capitulis
1741 1831 1831 1905 reris

317 1953 542 2028 terminantur
561 1953 635 2038 (P.
655 1954 850 2044 Clariaeuse,
867 1955 1113 2044 auricularum,
1128 1953 1388 2055 brachr'atum).
1406 1955 1631 2060 Polygonum
1649 1957 1832 2030 auriculu-

315 2092 391 2148 rum
409 2075 588 2175 pedicellis
606 2075 765 2150 indivisis
782 2077 998 2176 simplicibus
1017 2096 1051 2149 et
1068 2077 1124 2150 axi
1144 2061 1372 2178 (pedunculo
1391 2080 1595 2176 communi)
1632 2080 1833 2156 abbreviato

315 2225 438 2276 rerum
455 2201 660 2298 corymbum
678 2200 912 2300 compositum
940 2198 1011 2294 (cf.
1029 2200 1120 2274 Tab.
1139 2223 1190 2276 vl.
1203 2208 1217 2305 )
1231 2258 1241 2292 ,
1257 2203 1303 2277 P.
1321 2203 1544 2276 brachiotum
1566 2207 1714 2300 (contra
1732 2201 1834 2304 pedi·

316 2323 411 2400 cellis
428 2324 554 2396 iterum
571 2323 790 2414 murificatis,
816 2343 851 2398 et
873 2321 1016 2425 quidem
1032 2323 1158 2424 saepius
1175 2327 1369 2426 oppositis,
1387 2326 1585 2428 paniculam
1603 2327 1834 2430 compositam

316 2466 505 2546 gerunt.-
523 2451 604 2548 Ipsa
629 2447 778 2547 capitula
802 2473 894 2521 nunc
916 2447 1082 2550 globosa,
1106 2475 1201 2522 nunc
1223 2449 1509 2551 hemisphaerica,
1537 2477 1631 2525 nunc
1656 2452 1831 2552 oblonga,

315 2570 557 2672 magnitudine
569 2569 751 2671 pisumant
765 2569 881 2646 fabam
892 2570 1065 2645 minorem
1082 2592 1139 2646 aut
1157 2597 1311 2649 cerasum
1326 2601 1474 2676 parvum
1492 2593 1645 2674 aequant.
1663 2573 1834 2649 Pedicelli

317 2695 354 2768 in
372 2693 525 2794 pluribus
537 2693 717 2792 ¹speciebus
731 2693 1101 2796 glanduloso-hispidi.
1117 2694 1223 2785 Quod
1232 2695 1375 2771 ochreas
1390 2697 1833 2774 indurescentialesatrinet

317 2817 428 2892 lector
446 2797 635 2892 benevolus
657 2842 758 2916 supra
775 2817 857 2914 jam,
874 2818 934 2891 ubi
947 2817 992 2892 de
1005 2817 1099 2892 foliis
1117 2818 1322 2920 ochreisque
1340 2820 1407 2920 egi,
1425 2821 1592 2896 inveniet.

366 2944 401 3016 3.
419 2941 594 3014 Racemus
612 2941 647 3012 in
665 2939 784 3038 paucis
802 2939 984 3039 speciebus
1002 2944 1172 3041 occurrit(
1184 2943 1219 3016 in
1238 2947 1278 3016 P.
1290 2941 1491 3046 Fagopyro,
1510 2943 1657 3020 cilinodi
1679 2965 1714 3019 et
1726 2971 1834 3047 quan·

316 3065 431 3167 doque
450 3066 486 3138 in
507 3066 548 3138 P.
574 3062 793 3136 Convolrulo
807 3119 817 3152 ,
833 3068 928 3157 etc.)
955 3039 989 3137 dt
1008 3083 1082 3138 tum
1108 3091 1232 3166 parvus
1251 3086 1384 3142 tautum
1403 3087 1437 3141 et
1457 3068 1577 3174 paucis
1597 3069 1831 3170 brevibusque

317 3208 477 3264 constans
494 3187 609 3265 ramis.
627 3189 666 3258 ln
684 3187 724 3258 P.
743 3187 931 3286 Fagopyro
949 3213 969 3261 a
987 3189 1083 3287 spica
1102 3189 1159 3265 vix
1177 3187 1297 3263 differt
1316 3188 1383 3263 nisi
1402 3189 1584 3289 pedicellis
1603 3190 1831 3292 longioribus,
1922 3255 1923 3260 ,

316 3331 351 3386 et
377 3311 484 3387 rari'ar
507 3309 644 3385 ramulis
670 3307 773 3381 nullis
800 3309 854 3382 vel
885 3310 987 3384 ramis
1015 3310 1307 3410 subcorymbosis.
1334 3310 1470 3385 Eadem
1486 3303 1738 3404 inconstantia,
1763 3315 1829 3412 etsi

314 3435 422 3510 rarius
439 3434 580 3534 quidem
595 3486 605 3522 ,
623 3433 658 3506 in
675 3433 715 3505 Ρ.
733 3431 954 3506 Conrolrulo
972 3433 1194 3522 observatur,
1215 3435 1277 3509 sed
1295 3435 1551 3512 inflorescentia
1570 3435 1670 3534 hujus
1683 3439 1830 3538 speciei,

316 3583 398 3630 curu
416 3556 542 3656 pariter
558 3581 598 3628 ac
616 3555 652 3628 in
667 3556 707 3627 P.
725 3555 886 3629 aviculari
912 3581 975 3654 per
998 3575 1109 3629 totum
1136 3559 1269 3632 caulem
1287 3557 1413 3632 diflusa
1433 3577 1468 3631 et
1485 3557 1694 3634 internodiis
1714 3560 1827 3663 longis

314 3679 479 3779 foliisque
507 3679 696 3777 interrupta
725 3677 790 3765 sit,
818 3678 935 3776 itaque
964 3679 1080 3778 potius
1110 3681 1243 3780 spicam
1271 3679 1423 3779 spuriam
1448 3681 1666 3774 constituat,
1698 3686 1828 3786 (cujus

317 3802 427 3892 rami,
452 3802 481 3876 si
499 3801 623 3874 adsunt
639 3800 721 3890 ulli,
752 3827 815 3901 pro
836 3800 956 3874 aribus
977 3802 1196 3894 lateralibus,
1222 3804 1325 3880 ramis
1354 3803 1409 3880 vel
1433 3801 1622 3882 individuis
1652 3807 1826 3908 propriis,

316 3923 469 3998 habendi
485 3929 588 4020 sunt)
605 3923 733 3998 racemi
751 3949 878 3998 nomen
896 3925 953 4000 vir
968 3952 1117 4028 unquam
1135 3949 1295 4005 meretur.

365 4053 401 4135 4.
425 4035 602 4120 Punr'cula
629 4047 770 4121 demum
798 4070 867 4120 em·
903 4049 1011 4148 ἐξοχὴ
1034 4052 1069 4124 in
1087 4053 1243 4127 sectione
1264 4055 1486 4156 Aconogono
1521 4055 1711 4147 invenitur,
1731 4079 1825 4130 nunc

316 4167 478 4269 aphylla,
518 4196 611 4246 nunc
638 4171 756 4271 paucis
786 4174 970 4274 parvisque
992 4174 1086 4250 foliis
1118 4175 1272 4274 praedita.
1311 4179 1451 4254 Ramuli
1476 4179 1622 4255 extremi
1648 4177 1826 4278 sigillatim

316 4293 542 4392 contemplati
568 4319 657 4370 rerae
689 4296 830 4394 spicata
859 4297 1056 4374 laxiusculae
1085 4319 1189 4392 snnr,
1219 4326 1368 4403 quorum
1398 4305 1501 4380 flores
1518 4322 1599 4380 ante
1616 4303 1827 4406 explicatio·

316 4441 398 4490 nem
413 4417 620 4494 imbricatim
637 4419 837 4519 pedunculo
862 4421 1016 4522 adpressi
1028 4444 1120 4498 suut.

896 4781 900 4790 Ι
958 4741 1163 4772 m
