4722 6076
475 809 591 882 stans,
622 815 860 894 compressum
882 813 940 872 aut
959 795 1185 900 triquetram,
1216 803 1337 902 calyce
1355 805 1481 908 saepius
1509 808 1724 906 involutum,
1750 814 1998 920 iudehiscens3
2080 859 2084 870 ·

476 917 559 1017 styli
584 917 658 994 basi
683 919 890 1018 persistente
921 921 1158 998 terminatum.
1189 924 1313 1000 Samen
1341 931 1483 1006 unicam
1507 934 1654 1012 sormam
1679 941 1836 1018 caritatis
1859 945 1997 1021 achenii

480 1060 602 1116 exacte
631 1042 808 1135 reserens,
843 1043 990 1120 funiculi
1021 1046 1227 1124 umbilicalis
1263 1052 1456 1129 brevissimi
1485 1085 1552 1160 ope
1579 1061 1651 1137 basi
1671 1065 1809 1140 achenii
1837 1069 1996 1160 affixum,

481 1165 780 1264 spermodermate
808 1170 1072 1246 membranaceo
1103 1173 1276 1246 vestitum.
1305 1175 1468 1250 Clraloza
1493 1180 1563 1256 bilo
1591 1187 1769 1284 opposita,
1800 1217 1818 1262 a
1843 1191 1996 1267 radicula

479 1307 559 1362 toto
577 1290 710 1364 semine
730 1289 935 1391 interposito
953 1317 1120 1395 separata.
1138 1297 1313 1372 Athaman
1338 1304 1628 1400 spermodermati
1648 1311 1829 1386 conforme
1855 1333 1913 1387 aut
1936 1313 1997 1388 bi-

478 1415 669 1514 partitum,
686 1415 759 1490 sere
781 1435 888 1493 totam
905 1420 1048 1495 seminis
1064 1424 1194 1496 molem
1213 1423 1449 1516 constituens,
1463 1447 1521 1501 aut
1540 1455 1706 1508 corneum
1720 1455 1778 1510 aut
1796 1435 1999 1520 lariuosum.

478 1538 642 1641 Embryo
665 1541 762 1615 albus
780 1561 839 1614 aut
856 1541 997 1634 viridis,
1024 1546 1256 1632 unilateralis‚
1275 1575 1351 1623 raro
1371 1550 1488 1640 axilis,
1516 1553 1735 1653 longitudine
1762 1558 1927 1650 seminis,
1944 1559 1998 1634 al-

477 1661 616 1738 bumini
636 1665 867 1752 incumbens,
895 1669 1058 1744 incurvus
1076 1692 1111 1745 et
1139 1673 1285 1748 omuino
1313 1693 1477 1748 externus
1496 1697 1553 1750 aut
1573 1679 1801 1778 cotyledones
1829 1683 2000 1760 albumini

480 1783 691 1863 immittens.
710 1789 889 1864 Badt'cula
917 1819 1061 1893 supera,
1089 1815 1198 1888 teres,
1230 1798 1370 1888 obtusa,
1402 1823 1481 1872 cum
1500 1801 1769 1900 cotyledonibus
1796 1805 1999 1906 plerumque

480 1913 646 2012 angulum
668 1913 831 1986 obtusum
851 1913 1053 1991 offormans.
1083 1919 1318 2018 Cotylcdoncs
1344 1941 1404 1994 aut
1420 1923 1661 1996 accumbentes
1683 1945 1825 2026 tumque
1848 1929 2001 2020 latiores,

480 2033 640 2110 foliaceae
667 2056 702 2110 et
721 2037 890 2111 albumini
912 2041 1047 2112 sulcum
1074 2044 1150 2140 plus
1169 2044 1223 2116 vel
1242 2045 1367 2117 minus'
1383 2045 1595 2144 profondum
1619 2047 1836 2138 incidentes;
1863 2070 1920 2124 aut
1939 2053 2002 2124 in-

479 2157 703 2250 cumbentcs,
728 2180 882 2260 angustae
897 2217 907 2250 ,
925 2163 1093 2255 lineares,
1111 2167 1288 2240 albumine
1303 2169 1504 2268 neutiquam
1523 2190 1647 2258 tectae3
1666 2191 1723 2247 aut
1742 2173 1916 2251 latissimae
1932 2175 2000 2250 sibi

483 2280 636 2357 invicem
660 2284 844 2384 applicatae
859 2305 895 2359 et
911 2286 1003 2363 circa
1020 2290 1100 2362 axin
1122 2309 1304 2365 contortae.
1326 2290 1496 2364 Plumulo
1514 2293 1752 2394 inconspicua.

1147 2535 1185 2610 V
1179 2537 1341 2634 egetottia.

529 2736 664 2812 Plantae
686 2760 810 2812 annuae
829 2753 889 2811 aut
913 2759 1104 2836 perennes,
1135 2733 1315 2811 herbaceae
1339 2757 1397 2814 aot
1417 2737 1670 2830 suffraticosae,
1696 2743 1862 2844 quaedam
1888 2751 1996 2847 aquass

481 2860 583 2954 ticae,
603 2861 764 2960 quaedam
782 2860 963 2933 volubiles.
992 2860 1117 2932 Caralis
1136 2880 1224 2934 teres
1242 2881 1299 2936 aut
1317 2863 1516 2961 angulatas,
1547 2864 1748 2968 plerumque
1776 2869 2002 2948 lineato-sul·

482 3009 605 3078 catus,
630 2986 835 3072 herbaceus,
859 2983 1099 3057 suffraticosus
1125 3003 1184 3056 aut
1211 2985 1283 3058 basi
1310 2985 1486 3086 lignosus,
1504 2987 1665 3080 inermis,
1689 2989 1795 3065 rarius
1816 2995 2002 3082 aculeatus,

484 3111 761 3212 simplicissimus
788 3129 845 3183 aut
875 3133 1054 3198 ramosus,
1089 3133 1183 3208 saepe
1201 3109 1443 3209 geniculatus,
1471 3131 1627 3204 erectus,
1651 3097 1892 3206 adscltndens,
1918 3145 2003 3218 pro·

482 3255 621 3330 stratus,
648 3236 837 3335 subrepens
852 3255 888 3308 et
907 3233 1064 3306 radicatas
1080 3289 1092 3321 ,
1109 3233 1282 3307 volubilis.
1316 3233 1461 3308 Ochreoe
1480 3232 1774 3329 membranacea,
1795 3239 1869 3313 basi
1895 3241 2004 3314 inter-

483 3361 569 3436 dum
596 3359 745 3436 auricula
775 3358 920 3435 loliacea
939 3355 1241 3458 appendiculam,
1275 3357 1408 3434 caulem
1436 3385 1617 3464 ramosque
1637 3361 1907 3462 arnplectentes,
1945 3382 2005 3438 out

481 3483 686 3585 cylindricae
713 3503 771 3558 aut
795 3479 1087 3582 semicylindricae
1115 3499 1173 3554 aut
1209 3479 1362 3572 bilobae,
1386 3482 1498 3556 nervis
1524 3483 1686 3570 lineatae,
1707 3484 1832 3582 saepius
1849 3484 2005 3578 ciliatae,

375 3577 380 3600 Ι
481 3607 706 3710 persistentes
724 3625 782 3678 aur
807 3604 978 3681 deciduae.
1011 3603 1119 3677 Folia
1139 3604 1343 3678 vernatione
1362 3607 1482 3679 subtus
1501 3607 1681 3698 resoluta,
1706 3608 1858 3696 alterna,
1886 3607 2005 3707 petio-

481 3731 549 3807 lata
569 3749 627 3804 aut
653 3729 807 3818 sessilia,
837 3728 934 3829 quasi
961 3729 1097 3802 ocbreis
1123 3728 1270 3817 inserta,
1302 3729 1549 3828 integerrima,
1569 3727 1730 3830 quaedam
1752 3730 1912 3821 sinuata,
1937 3730 2004 3808 alia

485 3853 841 3956 crispato-undulata,
859 3851 1174 3953 pseudo-crenata,
1193 3852 1257 3932 alia
1275 3851 1435 3952 margine
1453 3852 1628 3940 revoluta,
1645 3851 1710 3927 alia
1727 3852 1927 3952 spinulosa;
1946 3881 2004 3928 re-

484 3979 795 4066 ticulato-venosa,
812 4005 888 4054 raro
906 3977 1027 4055 avenia
1046 3976 1133 4071 (l),
1150 3976 1405 4077 pinnatinervia
1423 3994 1480 4051 aut
1499 3975 1745 4075 palminerria,
1762 3977 1887 4077 saepius
1905 3977 2004 4077 glan·

485 4101 578 4178 dolis
595 4101 805 4204 epidermidi
823 4101 1102 4201 subjacentibus,
1117 4101 1237 4203 opacis
1254 4121 1313 4175 aut
1328 4099 1509 4199 pellucidis
1527 4118 1702 4198 punctata.
1733 4097 2004 4191 Iryloresccnttic

463 4225 623 4301 -cautem
653 4253 835 4328 ramosque
864 4225 1110 4317 terminantes,
1146 4249 1284 4324 semper
1313 4221 1527 4311 indefinitae,
1548 4223 1774 4322 centripetae,
1801 4224 2003 4324 plerumque

488 4349 653 4450 spicatae,
675 4377 860 4426 racemosae
886 4351 943 4426 vel
960 4351 1185 4452 panicalatae,
1209 4347 1317 4423 rarius
1349 4349 1553 4450 capitulatae.
1591 4346 1750 4421 Broctcoe
1782 4364 1841 4422 aut
1866 4347 2004 4424 ochreis

487 4471 709 4562 conformes,
728 4494 785 4550 aut
803 4477 975 4576 paleaceae
993 4532 1004 4568 ,
1022 4496 1080 4552 aut
1101 4471 1651 4550 turbinato-insuntibuttformes.

537 4623 692 4704 Habitus
716 4623 907 4702 admodum
925 4625 1060 4716 rarius,
1093 4625 1260 4718 foliosus,
1286 4624 1332 4701 ad
1360 4625 1593 4704 Amarautlros
1612 4621 1875 4726 quodammodo
1901 4647 2006 4699 acce·

495 4753 598 4828 dens.
