4596 6052
1247 603 1451 699 (3⁸).

584 755 695 953 qqrrma
712 751 749 826 S.
762 749 916 828 Romani
927 745 1179 852 conduplicatis
1193 749 1453 850 spermoderma
1472 745 1700 826 immediatim
1718 763 1835 848 tangat
1853 744 1914 847 (cf.
1931 745 2001 826 tab.
2019 747 2081 822 tv.

621 929 632 952 .
653 879 711 977 lig.
739 877 820 976 17).

1104 1124 1140 1172 2.
1156 1095 1318 1198 Embryo
1341 1095 1575 1171 unt'laternlrlr.

636 1394 681 1464 Α.
709 1375 944 1490 Cotyledones
977 1386 1295 1462 accumbentem
1322 1405 1394 1462 totu
1419 1386 1575 1461 sectione
1606 1383 1823 1474 Persicum,
1855 1381 2030 1473 Ristorta,
2055 1401 2093 1457 et

586 1513 805 1587 Convolrulo
829 1511 980 1589 radicula
1006 1509 1189 1586 dimidiam
1214 1511 1352 1586 circiter
1376 1507 1577 1607 embryonis
1606 1527 1739 1607 partem
1761 1508 1939 1583 constituit
1965 1527 1999 1582 et
2026 1533 2090 1581 co-

588 1635 769 1733 tyledones
805 1635 907 1709 variae
938 1633 1154 1723 latitudinis,
1188 1633 1293 1708 altera
1330 1634 1427 1708 alteri
1451 1631 1682 1717 accumbens,
1710 1633 1806 1706 sulco
1833 1633 1907 1732 plus
1933 1631 2091 1705 minusve

586 1756 763 1856 profundo
795 1756 997 1846 albuminis,
1023 1755 1059 1829 in
1090 1757 1216 1856 angulo
1247 1755 1389 1830 seminis
1422 1755 1653 1856 excipiuntur.
1686 1754 1943 1854 Cotyledonum
1981 1753 2092 1828 forma

449 1919 452 1926 ·
587 1880 677 1953 inter
703 1881 865 1955 linearem
895 1899 929 1953 et
952 1899 1088 1955 oratam
1112 1879 1230 1954 variat.
1256 1879 1462 1979 Plerumque
1487 1903 1566 1952 cum
1592 1877 1744 1953 radicula
1770 1878 1815 1951 ad
1835 1878 1996 1978 angulum
2025 1877 2093 1950 ob·

586 2021 712 2088 tusum,
732 2004 932 2092 rao-135,
960 2001 1152 2101 graduum,
1172 2003 1446 2076 committuntur.
1463 2002 1621 2077 Plumula
1638 2002 1872 2101 inconspicua.
1897 2004 2095 2076 Nervorum

586 2125 859 2224 cotyledonum,
885 2124 914 2197 si
938 2125 1059 2213 ullius,
1078 2123 1186 2198 medii
1203 2143 1335 2200 tantum
1352 2124 1537 2224 vestigium
1554 2144 1707 2224 apparet.

634 2251 677 2322 Β.
704 2247 936 2350 Cotyledonm
946 2245 1191 2320 theumbentes.
1206 2246 1350 2340 (Sectio
1365 2247 1616 2346 Amblygonon
1630 2271 1666 2322 er
1684 2247 1904 2339 Aricularia.)
1925 2247 2098 2322 Radicula

585 2392 624 2446 ut
654 2369 840 2469 inpriore.
873 2369 1111 2470 Cotyledones
1136 2394 1273 2470 semper
1304 2387 1481 2468 angustae,
1518 2370 1681 2460 lineares,
1707 2371 1811 2447 altera
1841 2371 1938 2446 alteri
1963 2371 2011 2444 ita
2041 2371 2099 2444 in·

586 2495 796 2574 cumbente,
824 2511 862 2565 ut
886 2516 1003 2568 earum
1028 2518 1096 2564 una
1118 2511 1252 2567 tantum
1280 2491 1441 2566 albumen
1465 2493 1580 2591 tangat
1600 2513 1636 2565 et
1658 2514 1777 2568 neutra
1795 2493 1891 2567 sulco
1909 2493 2098 2568 albumiuis

584 2618 735 2691 immissa
748 2617 803 2689 sit.
821 2615 979 2689 Plumulu
995 2614 1240 2714 inconspicua}
1265 2612 1493 2710 cotyledones
1512 2614 1607 2687 nervi
1628 2615 1737 2688 medii
1759 2616 2005 2690 lineamentum
2022 2617 2100 2713 jam

583 2740 799 2815 exhibentes.
812 2780 856 2793 -
871 2739 952 2810 Hoc
977 2735 1103 2810 eodem
1125 2737 1234 2809 modo
1255 2754 1289 2808 et
1309 2735 1347 2806 in
1369 2733 1597 2824 Rumicibus,
1626 2735 1878 2833 Atrnphaxibus
1897 2741 1954 2834 (r)
1973 2756 2008 2810 et
2025 2739 2101 2812 Po-

583 2864 716 2961 lygono
729 2861 892 2959 adpresso
906 2857 1194 2955 Labill.,emhryo
1212 2855 1433 2946 unilateralis,
1451 2857 1718 2955 cotyledonibus
1734 2860 1887 2956 angustis
1904 2887 1944 2934 nc
1962 2861 2102 2936 incum-

583 2985 769 3072 bentibus,
797 2980 983 3055 invenitur.

631 3110 833 3206 Antequam
864 3103 1038 3180 seminum
1061 3101 1241 3177 historiam
1267 3101 1460 3201 relinquam
1477 3129 1486 3184 ;
1505 3103 1822 3196 monstrositatum,
1839 3131 1916 3206 quae
1935 3133 2102 3184 nonnun-

582 3257 684 3332 quam
701 3246 907 3315 0ccurrunt,
931 3226 1148 3301 mentionem
1165 3222 1319 3302 faciendi
1344 3225 1481 3304 veniam
1507 3251 1605 3326 rogo.
1624 3228 1742 3318 Quum
1759 3229 1802 3302 de
1827 3227 1962 3304 nchenii
1981 3252 2102 3308 struc-

582 3373 657 3428 tura
681 3353 903 3440 dissererem,
924 3350 1023 3450 plura
1039 3351 1110 3448 jam
1126 3349 1195 3422 huc
1211 3348 1401 3450 spectantia
1419 3351 1559 3449 protuli.
1576 3350 1733 3426 Achenia
1762 3373 1888 3451 nempe
1916 3353 2103 3431 lenticula·

583 3477 633 3552 ria
675 3473 766 3550 haud
801 3498 877 3546 roro
903 3473 939 3545 in
971 3473 1135 3572 triquetra
1162 3470 1277 3558 abire,
1311 3471 1367 3546 vel
1395 3471 1502 3546 tribus
1532 3491 1568 3546 et
1604 3473 1712 3547 immo
1754 3475 1906 3575 quinque
1937 3479 2103 3576 carpellis

585 3597 750 3698 componi
780 3595 865 3672 dixi.
891 3597 943 3671 lta
967 3621 1106 3696 quoque
1132 3595 1169 3667 in
1191 3592 1423 3684 sectionibus,
1449 3595 1573 3697 quibus
1595 3595 1738 3672 achenin
1756 3599 1918 3698 triquetra
1942 3625 2015 3673 esse
2034 3628 2105 3674 so-

551 3761 556 3770 ·
586 3721 679 3807 lent,
708 3719 772 3794 elin
796 3717 942 3808 inveni,
968 3743 1046 3816 quae
1072 3736 1249 3817 tetragona
1269 3721 1444 3814 (quatuor
1471 3719 1627 3817 carpellis
1656 3720 1867 3818 composita)
1888 3741 1994 3796 erant.
2014 3723 2104 3816 (Cf.

589 3843 658 3940 tabe
684 3843 749 3913 lll.
772 3843 820 3913 H.
844 3843 902 3940 fig.
926 3842 949 3916 8
972 3858 1008 3913 et
1032 3859 1081 3932 93
1108 3859 1143 3912 et
1170 3841 1240 3912 tab.
1273 3842 1336 3913 tv.
1363 3843 1409 3914 R.
1443 3843 1502 3942 fig.
1532 3844 1603 3936 ιι.)
1633 3842 1731 3916 ldem
1757 3869 1894 3943 quoque
1920 3845 1953 3916 in
1984 3845 2104 3920 libais

587 3964 920 4067 smpiusobservavi.
940 3962 1022 4058 (Cf.
1041 3963 1110 4036 tub.
1145 3964 1190 4036 ll.
1213 3965 1260 4037 D.
1295 3965 1354 4064 fig.
1395 3965 1625 4056 ro.)Semen
1663 3985 1758 4055 tum,
1798 3987 1922 4065 praeter
1952 3971 2104 4068 angulos

590 4107 734 4186 quatuor
759 4087 838 4160 loco
865 4085 989 4174 trium,
1008 4085 1057 4158 nil
1079 4085 1183 4162 alieni
1208 4086 1377 4160 exhibuit.
1394 4087 1467 4160 Sed
1485 4088 1521 4161 in
1538 4086 1723 4190 Polygoni
1737 4087 1930 4162 Oricntnlr's
1948 4091 2105 4168 nchenio

464 4213 473 4228 '
590 4210 756 4310 triquetro
784 4207 919 4305 (tribus
936 4207 1094 4308 carpellis
1110 4209 1333 4308 composito)
1356 4211 1424 4284 duo
1443 4210 1562 4286 inveni
1577 4211 1720 4296 semina,
1748 4238 1894 4311 quorum
1913 4234 2106 4316 utrumque

590 4333 757 4431 angulum
771 4356 879 4406 unum
897 4349 932 4404 et
953 4329 1138 4406 dimidium
1155 4330 1291 4407 achenii
1308 4331 1474 4432 implebat
1500 4355 1535 4408 et
1563 4334 1708 4410 sormam
1729 4335 2108 4438 irregulari-trigonam

592 4453 802 4546 exhibebat,
823 4453 939 4556 quoad
963 4453 1110 4554 reliquas
1135 4473 1248 4555 partes
1275 4455 1487 4555 completum
1504 4475 1540 4531 et
1558 4459 1748 4558 embryone
1765 4460 1948 4560 praeditum
1967 4461 2108 4541 laterali

638 4752 686 4826 (ι)
706 4749 754 4812 Cl.
772 4747 883 4814 Gaertn
900 4749 986 4830 fruct,
1003 4747 1051 4824 11,
1069 4767 1100 4831 p.
1121 4749 1547 4836 101:1.119.t.14.-Lan.
1567 4750 1612 4813 itt.
1630 4766 1653 4814 ι.
1671 4751 1735 4817 trs.
1752 4755 1773 4816 f.
1791 4777 1821 4819 n.
1834 4751 1914 4816 Trb.
1929 4766 2032 4815 nostra
2051 4747 2109 4830 11,

596 4855 630 4912 F.
649 4852 699 4934 lig.
722 4877 767 4917 tt·
1465 4877 1468 4890 ·
2104 4899 2107 4906 »
