4722 6076
1172 537 1190 636 (
1241 559 1280 616 W
1329 543 1347 638 ›

500 670 665 773 calycem
686 682 826 782 egregie
842 681 1302 788 glandulosopuncteturn
1323 691 1499 768 exhibent
1515 696 1579 792 (v.
1594 719 1631 796 g.
1651 696 1692 770 P.
1709 695 1909 798 pubescens
1926 697 2013 776 alis-

501 826 573 901 que
600 803 745 905 plura).
768 806 856 884 Aliis
889 810 950 912 pili
984 817 1072 888 sunt
1112 814 1360 915 glanduliseri,
1392 819 1596 916 praesertim
1626 820 1664 892 in
1695 821 1810 894 remis
1840 821 2012 923 florigeris

504 927 750 1028 (pedunculis
778 939 905 1028 auct.)
933 937 1001 1011 sub
1030 937 1457 1016 floribus-Glandulae
1475 942 1511 1014 in
1530 940 1693 1041 pluribus
1706 944 1893 1045 speciebus
1918 946 2013 1022 iuter

501 1049 774 1132 {ilementorum
795 1059 1007 1137 insertiones
1033 1065 1241 1167 conspicuae
1272 1065 1451 1166 prioribus
1476 1065 1593 1142 multo
1625 1069 1799 1166 majores,
1830 1070 2015 1145 solidiores

500 1184 542 1254 et
563 1206 602 1254 re
620 1207 706 1256 veru
725 1186 976 1278 nectarilerae,
1007 1187 1128 1298 forsan
1156 1215 1221 1289 pro
1248 1214 1472 1291 organorum
1496 1217 1774 1293 suppressorum
1800 1192 2015 1269 rudimentis

503 1303 561 1379 vel
579 1304 719 1381 indiciis
737 1308 917 1385 habendas
938 1319 1037 1386 sunt.
1050 1357 1096 1371 -
1115 1312 1196 1385 Pili
1220 1313 1320 1388 haud
1340 1313 1444 1389 aliter
1464 1341 1629 1415 uuquam
1649 1323 1849 1393 occurrunt
1864 1342 1908 1393 sc
1925 1319 2016 1392 sim·

505 1429 632 1534 plices;
647 1435 1163 1539 nequestellatimdispositos,
1187 1463 1304 1539 neque
1316 1463 1477 1516 ramosos
1491 1440 1585 1529 vidi3
1609 1441 1711 1517 vario
1729 1445 1876 1516 tantum
1897 1439 2015 1517 solidi·

504 1557 591 1630 tetis
608 1557 725 1658 gradu
748 1559 932 1636 differunt.

556 1683 744 1759 Lubenter
760 1685 836 1783 jum
853 1683 900 1758 ad
917 1709 981 1761 vos
999 1710 1058 1760 mc
1075 1693 1267 1780 converto,
1286 1687 1394 1762 amici
1420 1689 1651 1788 fautoresque
1678 1685 1866 1778 benevoli,
1892 1686 1955 1788 qui
1967 1685 2018 1772 ,sd

506 1807 727 1907 opusculum
752 1809 867 1885 hocce
885 1811 1177 1910 promovendum
1200 1813 1356 1888 consiliis
1373 1811 1590 1912 auxiliisque
1608 1813 1735 1886 vestris
1762 1811 1912 1912 egregiis
1941 1816 2020 1886 tam

508 1932 628 2008 multa
646 1933 860 2008 contulistis.
877 1934 972 2025 Quae
997 1935 1083 2008 Tibi
1106 1937 1270 2030 debeam,
1293 1937 1348 2013 vir
1366 1935 1604 2014 illustrissime
1624 1934 1681 2011 De
1697 1933 1887 2028 Condolle,
1903 1957 2018 2035 supra

508 2058 585 2158 jam
608 2061 669 2162 pio
690 2065 869 2162 gratoque
886 2059 1010 2134 animo
1024 2061 1187 2160 exposui.

847 2283 862 2312 r
882 2255 993 2323 Suevos
1013 2255 1089 2319 Tibi
1107 2257 1179 2318 leret
1196 2256 1281 2319 llorrs
1296 2253 1433 2319 Dedrles
1448 2255 1555 2319 tellusl
1576 2279 1593 2312 ι

559 2435 730 2512 Plurimis
746 2443 785 2512 et
801 2461 866 2513 vos
883 2436 1096 2513 devinctum
1110 2462 1170 2512 me
1184 2436 1313 2512 tenetis
1327 2436 1504 2512 amicitiae
1517 2435 1757 2538 benevolique
1769 2435 1882 2510 animi
1898 2435 2024 2511 vincu-

509 2561 571 2653 lis,
598 2563 704 2638 amici
722 2561 912 2637 clarissimi
928 2561 975 2634 N.
997 2561 1038 2635 C.
1054 2559 1205 2661 Soringe
1220 2566 1258 2635 et
1277 2561 1315 2633 J.
1340 2557 1458 2659 Duby.
1481 2558 1630 2635 Publice
1659 2585 1806 2662 quoque
1831 2558 2024 2660 gratissimi

512 2690 625 2764 animi
642 2687 896 2762 testimonium
912 2685 1076 2760 obteram
1101 2685 1184 2758 viris
1203 2682 1402 2784 insignibus
1418 2686 1456 2756 et
1473 2683 1699 2758 amicissimis
1723 2681 1767 2758 G.
1784 2683 1833 2757 A.
1856 2679 2026 2754 Wolter-

514 2812 667 2896 Amott,
687 2789 818 2883 Bulbis
835 2815 872 2883 et
890 2807 1070 2900 Merctor,
1088 2807 1150 2909 qui
1177 2809 1309 2908 plantis
1324 2806 1428 2882 siccis
1445 2813 1575 2905 sponte
1592 2832 1651 2882 me
1668 2807 1913 2906 adjuvarunt,
1932 2829 2026 2906 prae·

513 2933 689 3036 clarisque
702 2933 744 3007 F.
757 2934 802 3010 dc
816 2931 973 3034 Gingins
987 2939 1026 3010 et
1037 2931 1206 3034 Augusto
1222 2927 1517 3022 deSteHr'lor're,
1541 2930 1604 3030 qui
1628 2930 1903 3032 ingeniosissimi
1917 2930 2026 3004 bota-

515 3063 591 3142 nici
608 3062 878 3138 observationes
902 3059 1150 3160 sagacissimas
1168 3058 1327 3160 benigne
1351 3053 1644 3156 suppeditarunt.
1668 3055 1728 3130 Tu
1754 3059 1904 3146 autem,
1931 3051 2026 3128 omi-

518 3187 659 3265 cissime
692 3187 850 3285 Roepcv,
871 3186 934 3286 qui
965 3184 1126 3258 fraterno
1155 3209 1215 3258 me
1238 3179 1354 3282 diligis
1378 3201 1523 3270 eruore,
1554 3175 1666 3252 telem
1695 3183 1732 3254 te
1761 3177 1850 3255 mibi
1878 3177 1916 3250 iu
1941 3199 2028 3276 pos·

516 3317 641 3390 terum
655 3336 801 3414 quoque
823 3306 1320 3412 integrumincolumemqus
1357 3328 1482 3393 servs,
1514 3301 1661 3402 qualem
1696 3327 1797 3380 nuuc
1826 3301 1962 3380 iterum
1991 3303 2029 3374 te

520 3437 678 3540 cognovi
695 3435 899 3512 amicorum
918 3418 1238 3512 amentissimum!

614 3763 758 3840 uum
783 3761 926 3840 Gerrevo
946 3759 1042 3838 dior
1073 3760 1236 3836 Octobris
1266 3755 1570 3835 nucccxxw.
