4722 6076
686 711 709 748 l
967 623 1145 719 (tut

310 789 449 870 tegvtnt,
480 770 630 846 illusoria
659 789 791 848 tantum
818 787 889 861 est,
914 795 1021 870 qrturn
1047 769 1083 844 in
1103 766 1314 868 Atraplracr'
1331 767 1397 844 alae
1415 767 1496 850 duce
1514 767 1654 842 nonnisi
1672 767 1813 852 adsint;

309 913 391 990 quae
408 915 479 964 non
497 917 517 964 e
534 891 641 992 sepali
658 917 764 966 nervo
781 893 901 968 medio
910 893 955 966 'in
980 893 1131 969 carinam
1148 891 1320 990 producto
1338 892 1515 982 oriuntur,
1539 891 1601 966 sed
1617 891 1812 990 sepulcrum
1940 973 1948 988 ⁴
2039 911 2045 918 ·

309 1012 529 1110 marginibus
545 1012 748 1092 formantur.
771 1016 911 1091 Genera
927 1013 1153 1112 Arraphaar's
1171 1033 1206 1088 et
1227 1013 1469 1116 Polygonello
1483 1013 1596 1088 Mr'ch.
1617 1019 1632 1100 (
1641 1020 1674 1112 ι)
1700 1013 1813 1088 inter·

308 1135 425 1212 media
443 1136 532 1213 inter
548 1138 741 1239 Polygona
753 1157 787 1212 et
801 1139 965 1214 Rumr'cer
982 1157 1073 1212 suut.

358 1258 397 1332 Si
414 1284 522 1358 genus
542 1259 757 1361 Oxygonum
774 1260 934 1335 Burchell
955 1265 1037 1356 (2),
1062 1257 1227 1358 penitiori
1243 1278 1322 1359 post
1340 1259 1408 1334 hoc
1426 1259 1577 1334 examini
1593 1259 1815 1350 submissum,

310 1403 439 1479 genere
452 1399 581 1458 revera
595 1367 825 1484 a'Polygouis
843 1384 1036 1483 discrepare
1050 1382 1279 1472 inveniretur,
1298 1382 1495 1482 proximum
1514 1403 1627 1458 tamen
1647 1381 1694 1454 illi
1714 1405 1813 1456 man·

310 1531 425 1582 surum
452 1507 608 1584 arbitror.

359 1631 466 1721 Quod
484 1656 565 1704 vero
589 1628 805 1706 Coccolobns
822 1630 987 1732 respicit,
1003 1628 1127 1728 quihus
1145 1628 1291 1726 (saltem
1309 1627 1425 1729 quoad
1446 1652 1563 1702 semen
1577 1631 1590 1712 )
1606 1627 1718 1728 aliqua
1736 1651 1817 1703 cum

309 1751 501 1854 Fogopyro
530 1753 672 1828 affinitas
690 1772 761 1844 est,
788 1753 907 1830 habitu
931 1752 1058 1829 adeou
1081 1754 1220 1828 caeteris
1245 1752 1429 1853 generibus
1453 1749 1618 1824 recedunt
1637 1770 1676 1824 ut
1693 1750 1816 1824 melius

310 1873 485 1973 propriam
515 1876 660 1950 Ordinis
692 1876 820 1982 tribum
850 1877 1111 1952 constituerent.
1141 1877 1232 1950 Cum
1262 1873 1463 1975 Polygom's
1489 1873 1584 1949 euim
1601 1855 1817 1946 conveniunt

312 1995 516 2070 Coccoloboe
533 1998 727 2096 sepulcrum
745 2025 890 2074 numero
907 2019 942 2074 et
959 1999 1157 2098 positione,
1175 1995 1359 2071 staminum
1377 1994 1510 2084 forma,
1529 1995 1648 2092 calyce
1664 1994 1817 2068 fructum

312 2119 512 2194 involvente
530 2120 622 2194 haud
638 2121 743 2210 alato,
763 2123 953 2220 embryone
966 2145 1058 2218 saepe
1075 2118 1279 2209 unilaterali,
1298 2118 1472 2194 albumine
1489 2117 1654 2204 iarinoso,
1672 2115 1818 2190 floribus

315 2244 521 2333 racemosis,
553 2244 705 2344 curulibus
739 2243 973 2333 volubilibus,
1007 2245 1277 2343 ochrearuntque
1308 2241 1429 2315 forma.
1460 2239 1668 2337 Discrepant
1699 2256 1819 2312 autent

322 2365 441 2462 calyce
459 2385 708 2442 maturescente
726 2366 838 2441 fructu
866 2368 1051 2444 incrassato
1074 2386 1110 2440 et
1127 2364 1372 2455 baccaesormi,
1407 2360 1792 2462 acheniopubgloboso
1804 2414 1834 2454 ,,

318 2486 463 2574 habitu,
480 2486 634 2563 caulibus
648 2487 791 2586 lignosis
816 2487 976 2589 foliisque
994 2487 1171 2564 coriaceis.

971 2813 1177 2835 ...ιιι-ιι-

901 3079 947 3152 Χ.
971 3075 1263 3154 DlVlSlONES.

369 3393 591 3478 Divisiones3
617 3394 740 3494 quibus
758 3411 913 3468 auctores
931 3391 1106 3497 hucusque
1125 3397 1177 3470 usi
1202 3413 1305 3486 sunt,
1335 3394 1484 3470 maxime
1513 3419 1555 3468 ex
1581 3393 1721 3478 habitu,
1760 3395 1819 3468 in·

320 3517 557 3606 flavescentia,
584 3515 747 3590 foliorum
764 3535 798 3591 et
813 3520 918 3611 (raro
938 3517 1108 3617 quidem)
1131 3517 1356 3592 acheniorunt
1380 3516 1493 3592 torma
1507 3517 1696 3607 desumtae,
1718 3515 1821 3592 variis

320 3638 477 3715 laborant
494 3639 743 3727 incommodis,
760 3665 905 3740 quorum
923 3641 1136 3718 enumeratio
1153 3647 1328 3716 auctorem
1346 3665 1473 3717 novam
1490 3639 1670 3715 divisionis
1684 3641 1821 3714 metho-

322 3762 407 3834 dum
423 3762 678 3861 propositurum
700 3763 888 3838 excusabit.
902 3763 1020 3840 Primo
1037 3767 1115 3842 loco
1141 3764 1361 3866 vituperandi
1383 3785 1486 3856 sunt,
1504 3766 1562 3864 qui
1582 3791 1651 3838 non
1679 3763 1822 3840 eosdem

323 3907 458 3982 semper
480 3882 692 3960 characteres
714 3885 936 3986 respicientes
956 3913 1060 3964 unam
1076 3889 1268 3963 sectionem
1292 3888 1484 3964 secuudum
1509 3885 1615 3966 caulis
1641 3887 1821 3974 indolem,

323 4005 465 4082 alteram
482 4006 674 4084 secundum
691 4007 1002 4102 indurescentiam,
1023 4011 1156 4090 tertiam
1180 4011 1371 4087 secundum
1382 4010 1547 4087 foliorum
1565 4010 1735 4093 sormam,
1752 4027 1819 4083 etc.

367 4305 413 4380 (ι)
431 4300 583 4364 rancum
600 4301 632 4364 fl.
650 4300 714 4364 hor.
732 4306 798 4367 Aru.
817 4304 856 4365 11.
875 4325 904 4388 p.
927 4311 1001 4384 ado.

366 4413 414 4474 Cl.
432 4411 560 4474 Nuttnll
578 4409 670 4488 (Gru.
688 4412 722 4491 ol
734 4411 830 4474 North
844 4413 998 4474 American
1014 4414 1112 4498 planto
1129 4414 1155 4490 l,
1171 4434 1202 4497 p.
1218 4411 1312 4492 255.)
1330 4413 1547 4495 Polygonellus
1560 4427 1697 4496 unquam
1710 4413 1820 4478 sectio·

324 4539 390 4582 nem
407 4519 554 4602 propriam
569 4519 666 4600 generi
684 4519 841 4601 Polypum
858 4517 998 4598 adjunxit.

366 4627 465 4710 Quum
485 4645 555 4687 vero
573 4625 698 4707 penitius
720 4624 921 4707 Polygoucllas
946 4625 1132 4688 examinandi
1160 4625 1359 4711 opportunitas
1380 4628 1451 4690 mihi
1470 4627 1608 4710 deluerit,
1629 4630 1820 4695 characterem

326 4732 386 4814 ejus
405 4732 584 4796 essentialem
599 4733 630 4793 iu
650 4729 731 4794 libris
746 4731 870 4794 laudatis
885 4735 1028 4820 respicere
1045 4733 1181 4801 lectoren
1197 4731 1369 4804 hortulum
1388 4736 1491 4806 inrito.

368 4842 414 4920 (a)
432 4839 479 4906 Cf.
496 4840 670 4925 prelationis
689 4854 791 4906 notua
809 4861 876 4926 pag.
891 4861 927 4906 n.
