4596 6052
1240 641 1259 736 (
1309 641 1356 716 32

567 783 702 887 angulis
732 775 842 861 acutis
878 783 945 861 late
962 783 1203 873 'statuendo
1232 787 1356 888 similis
1383 643 1435 862 eit
1467 787 1634 866 lmctibus
1660 789 1844 866 llumr'crtm
1863 789 2081 892 quorundam

571 929 606 983 et
630 910 822 1014 Polygonr'.
831 911 1069 1000 dumetorum,
1092 939 1113 987 a
1136 909 1261 1011 quibus
1285 939 1368 987 vero
1394 915 1409 1002 (
1421 913 1472 986 uti
1498 939 1600 1016 supra
1617 911 1886 1008 adnotavimus)
1918 915 2080 991 essentia·

515 1027 517 1038 ’
572 1034 653 1109 liter
675 1035 710 1109 iu
737 1061 781 1108 eo
800 1033 941 1126 differt,
966 1034 1061 1135 quotl
1092 1034 1166 1135 ejus
1194 1033 1255 1112 alae
1284 1061 1354 1110 non
1385 1036 1513 1137 calycis
1537 1037 1692 1128 laciniis,
1718 1037 1780 1112 sed
1806 1037 1958 1136 ipsorum
1981 1035 2081 1135 peri·

572 1159 681 1259 caspii
700 1159 834 1260 angulis
850 1157 1064 1250 formantur,
1083 1156 1212 1258 calycis
1224 1177 1339 1235 autem
1352 1159 1486 1235 laciniis
1503 1187 1576 1260 sex,
1591 1160 1762 1251 marcidis,
1776 1159 1913 1236 achenii
1927 1159 2080 1233 faciebus
2127 1173 2131 1185 “

571 1283 777 1383 angulisque
795 1283 989 1381 oppositis,
1022 1283 1057 1358 in
1086 1283 1185 1383 liujus
1214 1282 1285 1359 basi
1310 1281 1582 1381 persistentibus.
1615 1287 1655 1359 ln
1683 1284 1838 1358 sectione
1855 1285 2083 1364 'transversali

568 1407 784 1506 caryopsidis
807 1406 891 1501 (Cf.
910 1407 979 1482 tab.
999 1409 1043 1480 ll.
1064 1409 1107 1482 D·
1134 1411 1190 1507 lig.
1213 1415 1296 1489 rr.)
1324 1407 1471 1504 parietes
1492 1408 1564 1506 ejus
1578 1429 1745 1508 apparent
1764 1428 1910 1498 tenues,
1929 1433 1948 1480 e
1965 1409 2078 1486 stratis

502 1549 507 1556 '
563 1529 682 1630 ¹tribus
699 1530 817 1615 luscis,
850 1529 1038 1606 arctissime
1063 1531 1159 1606 inter
1180 1555 1216 1606 se
1240 1530 1398 1620 coalitis,
1421 1530 1561 1606 formati
1592 1551 1625 1604 et
1659 1513 1819 1606 albumen
1851 1531 2083 1610 immediatim

570 1652 834 1730 circumdantes.
853 1653 1022 1726 lutir'num
1039 1653 1163 1728 borum
1181 1654 1729 1754 stratorum'membranapropria
1742 1654 1883 1728 seminis
1896 1675 1946 1728 est
1966 1659 1980 1746 (
1998 1674 2082 1737 testa

570 1778 805 1879 epispermum
819 1779 856 1874 );
876 1777 1042 1863 medium,
1064 1803 1229 1878 porosum
1246 1777 1491 1854 cellulosumve
1505 1797 1539 1852 et
1558 1803 1684 1869 succo,
1701 1798 1738 1852 ut
1752 1778 1899 1864 uidetur,
1917 1781 2084 1870 resinoso,

570 1901 778 2002 inspissato,
805 1903 899 1990 acri,
920 1922 1096 1978 ·castaneo
1129 1921 1291 2003 turgens,
1325 1901 1459 1976 caeteris
1486 1902 1600 1978 stratis
1632 1903 1797 1993 crassius,
1829 1904 2083 2004 sarcocarpiunt

569 2027 627 2103 vel
640 2025 891 2126 endocarpium
907 2033 925 2113 ;‘
944 2045 979 2102 et
998 2025 1166 2104 extimum
1179 2025 1342 2125 denique,
1360 2045 1493 2102 textura
1510 2024 1672 2101 densiore
1692 2025 1852 2127 insigne,
1867 2027 2082 2127 epicarpium

573 2147 681 2228 rudit.
1586 2149 1589 2158 ’

581 2273 821 2357 .,ΟοσεαΙοόω
851 2271 1000 2368 uuiscroe
1026 2271 1176 2357 fructus,
1203 2273 1324 2372 calyce
1345 2271 1558 2366 incrassato,
1586 2263 1832 2365 sub-carnoso,
1859 2275 2088 2351 baccaeformi

571 2398 744 2490 inclusus,
785 2397 970 2482 achenium
1001 2417 1053 2470 est
1086 2395 1278 2492 (obsolete
1313 2395 1489 2498 trigonum
1520 2399 1574 2472 vel
1605 2398 1904 2489 sub-rotundum,
1929 2400 2088 2500 carpellis
2152 2457 2156 2468 .

569 2521 680 2596 tribus
707 2522 941 2600 efformatum.
970 2520 1124 2596 Parietes
1142 2517 1279 2592 acbeuii
1305 2519 1601 2620 Coccolobarum;
1624 2524 1863 2601 crassioresac
1892 2524 1926 2600 io
1945 2523 2089 2623 reliquis

568 2646 753 2747 generibus
773 2644 1072 2746 Polygonearttm,
1100 2642 1164 2720 triu
1182 2640 1349 2725 exhibent
1369 2645 1507 2730 strata,
1536 2645 1687 2718 exterius
1705 2647 1973 2745 (epicarpium)
2004 2645 2089 2745 epi-

569 2768 722 2846 dermidi
741 2767 879 2857 simile,
908 2766 1065 2846 medium
1095 2765 1420 2862 (sarcooarpr'um)
1450 2767 1619 2858 crassius,
1645 2769 1894 2867 spongiosum,
1920 2769 2088 2852 intimum

570 2867 874 2991 (endocarpiuml
895 2888 1042 2964 densum
1070 2915 1111 2963 ac
1142 2886 1426 2962 revelatorio
1457 2887 1592 2963 iuterna
1622 2890 1760 2964 achenii
1790 2891 1937 2989 parietes
1963 2892 2087 2966 medio

567 3015 661 3094 iuter
695 3014 840 3118 angulos
870 3011 1010 3088 cristam
1041 3029 1098 3088 aut
1125 3011 1277 3085 carinam
1294 3027 1469 3101 aemam,
1506 3037 1626 3111 parum
1660 3011 1919 3112 prominentem
1948 3015 2089 3116 (quasi

568 3140 899 3241 dissepimentorum
930 3135 1157 3226 rudimenta)
1197 3133 1387 3236 projiciunt
1414 3139 1504 3233 (r),
1531 3134 1624 3222 unde
1651 3149 1770 3210 semen
1797 3137 1842 3211 ad
1877 3165 1963 3214 eam·
1990 3139 2089 3215 reci-

566 3263 735 3366 piendam
766 3263 978 3364 aliquantum
1018 3261 1167 3354 incisum
1189 3279 1241 3334 est
1273 3261 1345 3356 (a).
1366 3257 1540 3332 Eandem
1575 3257 1720 3360 achenii
1747 3279 1950 3337 structuram
1974 3281 2009 3338 et
2042 3259 2089 3340 in

567 3388 761 3492 Polygono
781 3387 952 3486 adpresso
978 3383 1141 3474 urbm„
1174 3381 1297 3484 quod,
1325 3399 1413 3455 teste
1430 3381 1650 3457 illustrissimi
1681 3381 1725 3454 R.
1751 3382 1876 3456 Broun
1896 3387 1980 3479 (3),
2009 3391 2090 3466 uia-

537 3571 541 3580 ,
567 3490 643 3614 jore
668 3513 741 3611 jure
763 3509 967 3600 Coccolobis
983 3534 1088 3612 quam
1115 3506 1324 3608 Polygontlr
1343 3504 1641 3581 adnumerandum
1658 3560 1669 3597 ,
1685 3505 1877 3583 observavi.
1892 3551 1938 3564 —
1952 3509 2090 3586 Semen

569 3625 1005 3739 epispermioJconditum,
1036 3633 1168 3707 siccum
1194 3630 1339 3717 saltem,
1360 3627 1546 3703 interstitio
1574 3628 1690 3728 aliquo
1716 3655 1862 3706 racuoa
1886 3632 2087 3733 pericarpio

568 3763 799 3850 distinctum,
829 3755 966 3847 aclrenii
994 3755 1145 3828 formam
1169 3753 1282 3831 imitat
1300 3753 1442 3852 ejusque
1458 3751 1533 3826 basi
1561 3749 1708 3826 funiculi
1738 3753 1943 3828 umbilicalis
1960 3756 2084 3834 brevis

568 3912 637 3988 ope
655 3885 814 3967 affixum,
837 3881 937 3982 apice
963 3877 1198 3966 acuminatum
1225 3895 1288 3951 est.
1316 3875 1493 3952 Albumen
1519 3901 1683 3974 magnum
1704 3875 1891 3951 sarioosum
1905 3933 1918 3969 ,
1949 3880 2088 3956 albumr

496 4081 516 4106 l
568 4009 752 4112 Embryo,
780 4026 818 4081 ut
853 4000 1284 4093 videtur,·rario,modo
1314 4000 1351 4074 in
1378 3998 1479 4072 variis
1495 3998 1678 4098 speciebus
1698 4000 1831 4097 positus
1865 4021 1940 4089 est;
1969 4003 2005 4078 in
2035 4005 2089 4082 P.

564 4135 735 4233 adpresso
760 4128 892 4203 Labr'll.
920 4126 1089 4210 lateralis,
1118 4125 1155 4198 in
1186 4124 1319 4224 angulox
1344 4120 1497 4223 quodum
1528 4123 1699 4196 exteriore
1734 4124 1817 4215 (4),
1850 4125 2088 4204 immedialim

560 4259 629 4366 sub
663 4257 866 4359 epispermo
892 4253 999 4331 latet,
1026 4249 1195 4346 albumini
1231 4245 1414 4320 incumbit.
1454 4245 1623 4322 Rudicula
1655 4271 1802 4347 supera,
1830 4248 1968 4326 tertiam
2000 4279 2086 4326 em-

606 4537 657 4615 (r)
683 4532 731 4595 ct.
752 4526 833 4592 Τὼ.
853 4529 899 4603 Il,
922 4527 957 4586 B.
974 4523 1024 4607 fig.
1044 4545 1087 4598 2,
1111 4523 1144 4581 in
1162 4540 1218 4601 qua
1232 4519 1306 4604 prolr
1329 4519 1414 4583 dolor
1427 4521 1555 4607 sculptor
1570 4524 1688 4587 cristam
1706 4525 1792 4590 trimis
1810 4525 1912 4590 fortem
1927 4525 2017 4604 lecit,
2052 4542 2087 4590 et

568 4647 657 4708 Lam.
677 4643 728 4707 ill.
742 4655 766 4702 t.
786 4641 857 4702 316.
870 4635 961 4714 tl-g.
1089 4618 1092 4642 ¹

611 4755 660 4831 (α)
681 4753 728 4813 Cl.
747 4746 829 4810 Tab.
847 4757 951 4804 uostrae
969 4742 1016 4814 ll,
1031 4741 1066 4800 B.
1087 4739 1137 4821 lig.
1153 4743 1173 4814 4
1192 4751 1223 4799 et
1238 4737 1270 4802 5.

613 4862 662 4938 (5)
685 4855 788 4918 Prodr.
804 4855 834 4914 ll.
850 4855 931 4916 Nov-
950 4849 1033 4910 lloll.
1056 4851 1070 4910 l
1080 4893 1089 4924 ‚
1106 4869 1137 4931 p.
1154 4856 1228 4928 420.

608 4971 656 5050 (4)
675 4965 722 5027 cl.
745 4959 992 5034 Lobillardilre,
1009 4958 1040 5020 Ν
1043 4979 1088 5022 ov·
1101 4955 1185 5018 Holl.
1199 4959 1231 5032 1,
1247 4977 1280 5042 p.
1298 4970 1397 5042 992¹·
1422 4979 1491 5044 127,
1508 4957 1558 5043 lig.
1578 4981 1609 5044 7.

2257 3991 2260 4136 l

2199 4659 2203 4666 v
