4596 6052
1227 596 1408 688 (42)

564 743 795 842 designarunt.
838 740 947 832 Quod
975 740 1064 838 ipsus
1095 740 1284 816 eorundem
1316 742 1488 817 sectiones
1518 743 1666 832 attinet,
1707 741 1810 818 facile
1845 743 2055 843 apparebit,

444 933 447 940 .
561 891 656 966 saepe
674 864 809 965 species
828 863 1009 938 manifeste
1028 865 1143 938 affines
1160 864 1264 964 longe
1281 865 1325 941 ab
1342 865 1495 941 invicem
1512 887 1685 955 remotas,
1702 885 1737 940 et
1754 885 1875 942 contra
1892 867 1973 943 alias
1993 866 2058 940 rite

559 992 662 1092 longe
679 975 886 1090 separandas
905 988 1003 1064 valde
1021 989 1274 1088 approximatas
1292 1009 1327 1063 et
1342 991 1437 1089 juxta
1453 990 1583 1090 positas
1600 989 1775 1065 exhibere.
1792 992 1893 1088 Opus
1910 1013 1983 1064 non
2006 1009 2058 1063 est

557 1114 651 1214 quod
670 1113 829 1211 exempla
854 1112 1017 1200 afferam,
1047 1138 1154 1212 quum
1171 1135 1226 1184 res
1242 1112 1313 1211 jam
1336 1138 1378 1186 ex
1397 1112 1632 1212 descriptione
1655 1137 1889 1213 organorum,
1907 1137 2058 1212 praeser-

556 1235 616 1310 tirn
635 1235 890 1311 fructificationi
908 1234 1168 1308 inservientium
1191 1236 1323 1311 eluceat
1341 1255 1376 1310 et
1392 1261 1474 1310 mor
1492 1239 1724 1336 argumentis,
1741 1238 1866 1338 quibos
1883 1238 2056 1312 sectiones

555 1378 687 1435 nostrae
711 1358 976 1448 suffulciuntur,
994 1358 1074 1432 satis
1087 1359 1201 1447 bene,
1220 1379 1259 1432 ut
1277 1383 1473 1458 speramus,
1498 1361 1713 1459 probabitur.
1728 1361 1924 1437 Staminum
1938 1386 2056 1436 nume·

554 1507 638 1570 rus,
668 1482 705 1554 in
724 1482 845 1556 eadem
871 1481 988 1580 specie
1006 1485 1134 1580 saepius
1161 1483 1381 1572 inconstans,
1406 1503 1563 1581 utsupra
1593 1484 1764 1573 vidimus,
1789 1484 1849 1579 vix¹
1875 1484 2057 1582 speciebus

551 1603 797 1703 dignoscendis
826 1605 1057 1680 characterem
1083 1606 1240 1704 praebere
1259 1623 1396 1704 potest,
1427 1606 1538 1680 multo
1564 1606 1678 1680 minus
1703 1606 1809 1706 igitur
1838 1609 2052 1680 sectionibus

551 1725 780 1818 deliniendis,
808 1727 874 1800 nisi
902 1727 1035 1826 species
1060 1727 1308 1805 diversissimas
1326 1730 1361 1803 in
1377 1728 1524 1806 eandem
1537 1729 1729 1804 sectionem
1742 1727 1823 1828 cogi
1839 1749 1874 1804 et
1891 1747 2056 1828 praeterea

549 1847 746 1949 frequentes
761 1852 987 1950 exceptiones
1004 1853 1142 1926 admitti
1155 1851 1310 1926 velimus.

444 1959 448 1982 ¹
570 1985 576 1996 “
598 1973 821 2048 Characteres
835 1993 952 2048 autem
970 1973 1206 2074 diagnosticos
1221 1979 1238 2070 (
1247 1976 1303 2048 vel
1320 1976 1502 2076 speciebus
1515 1975 1809 2076 applicandoavel
1824 1974 2054 2064 sectionibus)

548 2119 688 2195 semper
714 2122 754 2170 er
774 2096 900 2170 iisdem
930 2099 1066 2196 organis
1084 2099 1194 2198 iisque
1220 2124 1292 2172 nou
1322 2099 1532 2175 variantibus
1560 2097 1793 2172 desumendos
1818 2121 1917 2181 esse,
1949 2121 2056 2170 nemo

548 2238 618 2308 est,
645 2219 713 2318 qui
735 2221 888 2319 negabit.
913 2221 1083 2294 'Primum
1111 2221 1217 2320 igitur
1242 2219 1475 2298 characterem
1501 2222 1697 2295 sectionum
1722 2245 1766 2293 ex
1797 2219 1985 2294 albuminis
2019 2237 2055 2293 et

461 2356 463 2366 ⁴
546 2342 795 2440 cotyledonum
810 2342 964 2428 indole,
991 2363 1027 2418 et
1045 2345 1195 2443 reliquos
1209 2370 1253 2418 ex
1277 2345 1480 2418 ochrearum
1502 2364 1538 2418 at
1560 2342 1699 2418 achenii
1724 2343 1835 2419 forma
1860 2343 1977 2442 elegi,
1995 2342 2053 2416 in-

545 2464 798 2538 llorescentia'm
820 2489 903 2538 vero
921 2467 1111 2565 praesertim
1127 2467 1403 2543 subsectionibus
1422 2466 1673 2544 constituendis
1698 2468 1854 2542 adhibui.

592 2589 661 2660 Pro
678 2586 869 2676 albuminc,
886 2589 922 2660 iu
939 2588 1013 2661 aliis
1037 2613 1186 2679 corneo,
1209 2591 1247 2662 iu
1259 2590 1334 2665 aliis
1338 2589 1524 2682 forriroro,
1541 2608 1654 2662 totum
1671 2614 1780 2688 genus
1797 2591 1834 2662 in
1853 2591 1937 2661 duas
1955 2587 2053 2662 divi-

421 2711 424 2714 ’
544 2711 658 2785 aiones
679 2710 856 2808 primarias
885 2735 1063 2816 separare,
1081 2710 1117 2783 in
1134 2709 1256 2786 harum
1278 2729 1395 2788 autem
1417 2730 1558 2808 utraque
1585 2736 1649 2807 pro
1667 2711 1928 2808 cotyledonnm,
1942 2710 2051 2786 ache-

541 2834 693 2923 niorum,
710 2831 986 2921 innotescentia,
1011 2832 1227 2909 bractearum
1252 2831 1523 2931 ochreartrmque
1540 2831 1671 2920 forma,
1696 2833 1883 2908 staminum
1904 2857 2052 2905 numero

540 2974 575 3031 et
611 2955 762 3056 denique
790 2955 1019 3055 vegetationis
1059 2954 1166 3027 modo
1204 2954 1376 3029 sectiones
1406 2954 1572 3044 delinire,
1613 2955 1744 3053 optima
1779 2953 1866 3027 mihi
1894 2954 1965 3028 visa
1996 2973 2051 3027 est

539 3078 747 3168 methodus,
781 3105 848 3178 qua
879 3099 951 3152 tam
990 3076 1249 3176 heteromorphi
1277 3075 1414 3174 generis
1445 3074 1526 3148 satis
1553 3100 1679 3174 magna
1722 3075 1917 3173 specierum
1943 3074 2052 3173 copia

539 3201 756 3300 rationaliter
772 3221 808 3274 et
826 3198 1025 3276 naturaliter
1043 3199 1146 3273 simul
1170 3198 1329 3302 distribui
1353 3198 1475 3298 possit.
1501 3197 1763 3275 Charactetihrts
1789 3196 1909 3286 hisce,
1942 3197 2051 3271 nullis

538 3324 783 3401 variationibus
796 3323 983 3414 obnoxiis,
1000 3321 1195 3422 specierum
1210 3321 1585 3419 cujustibersecrionis·
1600 3319 1736 3392 habitus
1762 3318 1958 3392 communis
1983 3319 2050 3392 de-

537 3450 712 3550 pingitur,
730 3466 791 3539 et,
813 3447 844 3520 si
861 3446 1003 3549 quidem
1021 3445 1091 3520 hoc
1118 3445 1227 3520 modo
1256 3444 1448 3520 sectionum
1479 3443 1698 3518 definitiones
1723 3443 1836 3515 minus
1855 3441 2046 3516 concinnae

537 3573 712 3662 evadunt,
729 3571 768 3646 id
782 3571 870 3646 boni
897 3589 1010 3646 tamen
1027 3569 1182 3662 habeut,
1201 3568 1295 3670 quod
1318 3567 1501 3668 diagnoses
1517 3567 1713 3666 specierum
1738 3564 1850 3638 multo
1867 3563 2047 3640 breviores

407 3676 412 3682 ”
535 3696 775 3796 facilioresque
798 3694 1054 3786 reddantcurn
1079 3692 1292 3771 characteres
1316 3693 1494 3792 generales
1516 3691 1552 3768 in
1572 3690 1795 3794 diagnosibus
1809 3714 1884 3764 non
1896 3687 2046 3786 amplius

533 3817 717 3922 repetendi
742 3816 829 3896 siut.
