4596 6052
1197 538 1378 636 (²²)

1207 829 1378 909 Bructeo.

579 1113 618 1187 st
649 1113 869 1189 bractearum
888 1109 1032 1184 nomine
1058 1107 1216 1187 vocanda
1243 1128 1323 1184 suut
1345 1107 1453 1198 lolia,
1472 1132 1551 1208 quae
1574 1103 1678 1180 flores
1707 1105 1931 1193 suffulciunt,
1962 1121 2042 1177 tuuc

535 1237 799 1338 Polygooomm
829 1235 932 1308 llores
959 1259 1099 1336 quoque
1130 1234 1220 1308 inter
1244 1233 1439 1308 bracteatus
1466 1231 1671 1306 numerandi
1696 1250 1785 1305 sunt.
1811 1232 1991 1320 Bructero,
2007 1229 2044 1305 in

538 1361 614 1438 aliis
638 1361 764 1460 plantis
781 1358 906 1460 saepius
931 1379 1001 1432 tem
1023 1356 1135 1432 lorma
1159 1384 1263 1458 quam
1290 1376 1424 1433 textura
1449 1353 1543 1429 loliis
1560 1355 1770 1439 similiores,
1799 1353 1835 1429 in
1854 1355 2044 1456 Polygoois

539 1483 607 1558 hoc
625 1501 787 1584 respectu
815 1507 952 1584 semper
966 1507 985 1555 a
997 1479 1091 1555 foliis
1108 1480 1254 1557 caulinis
1277 1478 1458 1555 differunt.
1491 1479 1585 1555 Duas
1603 1477 1707 1578 igitur
1733 1503 1927 1580 proponam
1943 1479 2045 1552 brac·

538 1627 673 1684 tearum
694 1607 839 1691 classes,
867 1605 1027 1706 priorum
1043 1605 1259 1692 bractearum
1276 1603 1320 1680 ab
1346 1600 1549 1679 ochrearum
1574 1601 1694 1676 indole
1712 1584 1948 1692 diuersarum,
1965 1625 2046 1704 quas

539 1753 698 1802 verarum
717 1729 861 1803 nomine
887 1701 1104 1827 designabo,
1133 1727 1285 1799 alterum
1302 1726 1518 1802 bractearum
1536 1724 1671 1800 ochreis
1688 1721 1949 1816 conformium,
1965 1747 2047 1826 quas

538 1849 680 1950 spurias
697 1869 756 1926 aut
773 1847 1042 1943 ochreoesormes
1059 1847 1279 1949 appellandos
1293 1875 1432 1924 censeo.
1456 1849 1619 1923 Bructer's
1631 1845 1944 1944 ochreoefhrmr'bus
1960 1873 2047 1950 gau·

538 1972 624 2048 dent
653 1971 837 2074 Polygooa
861 1971 978 2047 omnia
1005 1972 1201 2046 sectionum
1225 1971 1459 2064 micantius,
1491 1973 1656 2048 Tinioriae
1675 1974 1757 2070 (1),
1773 1973 1954 2074 Fagopyri
1973 1973 2046 2066 (a),

541 2115 576 2172 et
605 2097 818 2196 Aconogoni
850 2098 922 2193 (3).
951 2097 1084 2172 Harum
1112 2095 1224 2169 forme
1242 2122 1285 2170 ex
1303 2095 1566 2195 descriptione,
1594 2122 1699 2196 quem
1721 2119 1826 2196 supra
1850 2095 1896 2170 de
1913 2091 2050 2168 ochreis

540 2216 722 2310 dedimus,
739 2219 871 2295 affatim
885 2219 1029 2320 patebit.
1048 2219 1138 2293 Sunt
1152 2217 1259 2318 igitur
1272 2236 1331 2292 out
1343 2217 1534 2317 bipartitae,
1552 2218 1702 2310 bilobae;
1720 2239 1755 2294 et
1770 2238 1843 2292 tum
1856 2218 1899 2294 ab
1913 2216 2052 2292 ochreis

540 2341 616 2416 istis
642 2341 738 2417 nullo
763 2340 870 2418 modo
892 2343 1127 2443 discrepantes
1148 2339 1270 2442 (quod
1293 2341 1330 2414 in
1347 2342 1503 2417 sectione
1520 2342 1720 2420 Avicutaria
1748 2343 1904 2417 videmus
1918 2343 1959 2438 ),
1992 2360 2051 2416 aut

540 2463 858 2566 semicyliudricae,
891 2486 1033 2570 tumque
1050 2466 1186 2541 ochreis
1202 2463 1367 2538 loliorum
1386 2466 1600 2541 caulinorum
1614 2465 1730 2566 paullo
1751 2486 1884 2541 tantum
1898 2466 2051 2539 minores
2122 2455 2128 2484 ’
2247 2473 2248 2488 ’

541 2607 577 2664 et
591 2590 776 2665 tenuiores.
794 2590 899 2666 'l'ales
913 2589 949 2664 in
962 2590 1175 2664 sectionibus
1193 2587 1372 2678 Timauo,
1390 2589 1578 2690 Fogopyro
1591 2607 1626 2665 et
1645 2591 1867 2690 Aconogouo
1893 2587 2052 2663 offendi-

538 2735 629 2788 mus.
655 2716 696 2787 ln
722 2714 768 2786 P.
789 2713 943 2788 cr'Ir'nodr'
960 2714 1110 2790 bracteae
1127 2713 1165 2790 in
1194 2735 1238 2788 eo
1254 2735 1393 2814 quoque
1409 2712 1453 2786 ab
1471 2713 1606 2788 ochreis
1632 2712 1821 2804 differunt,
1851 2713 1948 2814 quod
1975 2711 2055 2788 basi

485 2820 486 2826 ἵ
530 2827 632 2911 'ciliis
658 2837 832 2912 destitutae
850 2855 941 2910 suut.

590 2957 752 3036 Bructero
778 2985 866 3034 veru
892 2956 1042 3035 formam
1059 2980 1094 3034 et
1113 2980 1284 3036 texturam
1302 2958 1468 3035 exhibent
1485 2985 1558 3035 uon
1583 2961 1691 3036 modo
1709 2960 1752 3037 ab
1770 2961 1907 3034 ochreis
1932 2961 2056 3036 diver·

542 3109 616 3160 sem
630 3139 641 3172 ,
657 3083 719 3157 sed
734 3105 900 3182 praeterea
916 3083 1021 3158 etiam
1039 3082 1222 3160 diversam.
1239 3083 1445 3178 sectiones,
1462 3083 1586 3184 quibus
1603 3087 1752 3185 propriae
1764 3106 1844 3160 sunt
1860 3090 1875 3180 (
1890 3087 2059 3180 Bistorta,

543 3206 797 3306 llmblygonon
815 3224 848 3279 et
865 3206 1106 3301 Porsinna),
1142 3206 1286 3284 ochreas
1303 3205 1431 3282 habent
1458 3208 1756 3294 membranaceas,
1784 3207 1998 3307 cylindricas
2020 3228 2055 3284 et

541 3329 747 3430 plerumque
776 3347 969 3419 truncatas,
997 3328 1153 3404 bracteas
1183 3350 1303 3407 contra
1333 3330 1537 3419 validiores,
1568 3331 1743 3405 interdum
1772 3331 2051 3420 snb-soliacens,

543 3477 636 3552 saepe
653 3449 798 3552 rigidas.
819 3452 989 3528 rarissime
1004 3438 1199 3544 truncatas,
1217 3455 1419 3554 plerumque
1436 3453 1732 3554 semicyliodricas
1752 3461 1828 3552 (4),
1849 3445 2056 3533 ἰηῐυηάἰδυέ

544 3575 723 3664 lilormes‚
741 3595 798 3650 aut
815 3577 1004 3654 turbinatas
1022 3581 1081 3676 (5)
1109 3630 1120 3664 ,
1140 3596 1197 3654 out
1220 3596 1338 3652 ovatus
1356 3597 1469 3654 acutas
1498 3579 1577 3671 (6),
1600 3577 1624 3650 Ι.
1648 3579 1786 3655 obtusas
1803 3635 1818 3676 ,Ι
1830 3600 1889 3654 out
1908 3583 2053 3658 lanceo-

545 3699 655 3787 latas3
682 3719 739 3774 aut
767 3700 832 3794 (in
849 3698 1005 3774 sectione
1037 3701 1200 3774 Bistortae
1226 3737 1275 3757 -·
1291 3699 1337 3774 cl.
1355 3701 1422 3776 tob.
1449 3723 1505 3775 111.
1533 3701 1582 3776 H.
1609 3705 1668 3802 fig.
1699 3705 1999 3804 ra.)paleaceas,
2033 3733 2054 3782 e

546 3820 784 3896 membranula
805 3821 1022 3910 tenuissima,
1041 3821 1245 3898 candicante
1261 3880 1273 3916 ,
1289 3823 1501 3914 lanceolata,
1520 3844 1728 3899 constantes.
1757 3829 1830 3900 Aut
1847 3831 2053 3918 remotiores

547 3964 649 4036 suut,
682 3963 739 4020 aut
771 3942 949 4020 densiores
976 3946 1031 4020 vel
1058 3945 1271 4041 imbricatae,
1296 3967 1354 4025 aut
1382 3947 1473 4025 cauli
1489 3950 1573 4044 (ari
1589 3950 1726 4052 spicae)
1750 3971 1843 4029 arcte
1875 3954 2050 4060 adpressae

592 4269 643 4346 (r)
660 4265 706 4328 Cl.
722 4265 804 4331 Trb.
823 4267 879 4342 IV,
893 4267 925 4330 P.
945 4267 995 4350 lig.
1017 4287 1067 4352 ιγ.

589 4369 642 4453 (a)
660 4373 705 4435 ct.
728 4373 809 4437 Tab.
829 4375 885 4449 1v‚
904 4375 1010 4464 Mb·
1030 4375 1083 4438 25.

592 4481 642 4561 (5)
663 4479 710 4541 Cl.
729 4481 808 4541 Tab.
828 4481 892 4556 111,
911 4480 951 4542 G.
970 4481 1021 4562 fig.
1041 4485 1089 4545 13.

593 4593 643 4670 (4)
663 4589 710 4650 Cl.
731 4585 809 4650 Trb.
831 4589 893 4663 lll,
912 4587 954 4649 N.
973 4587 1022 4669 fig.
1047 4587 1094 4650 15.
1114 4590 1175 4668 (P.
1197 4591 1438 4678 virginium)

593 4695 642 4776 (5)
660 4695 738 4757 Ibld.
764 4697 799 4755 L.
820 4693 869 4776 fig.
891 4693 936 4758 15.
955 4695 1016 4773 (P.
1037 4693 1234 4778 Perticaria.)

586 4805 642 4880 (ll)
660 4801 739 4864 urat.
763 4803 804 4864 lt.
823 4799 872 4882 bg.
896 4803 945 4872 ro.
964 4801 1025 4880 (P.
1044 4801 1231 4887 Orientale.)
