4722 6076
1016 729 1173 827 (9)

338 883 476 981 Corpus
489 879 638 972 radicis,
658 881 679 954 l.
708 881 832 971 ruber,
855 878 994 954 fibrillas
1017 875 1146 954 emirrir
1176 875 1376 964 fililormes,
1414 867 1545 950 similes
1562 876 1627 966 iis,
1646 903 1722 978 quoe
1754 903 1841 954 era·

341 1003 458 1078 dicum
484 1005 686 1080 fibrosarum
716 1003 819 1080 ramis
842 1001 1062 1102 proveniunt.
1098 1000 1202 1074 Tales
1219 1000 1357 1076 fibrillas
1374 1000 1601 1099 soepissimee
1626 1001 1728 1076 nodis
1753 1002 1845 1078 inse·

340 1127 489 1200 rioribus
508 1127 614 1226 ipsius
638 1125 745 1201 caulis
778 1123 986 1220 (hincinde
1012 1105 1169 1200 radicans
1185 1123 1326 1218 vocari)
1358 1123 1530 1222 prodeunt
1551 1125 1587 1198 in
1616 1151 1740 1226 magna
1762 1151 1845 1226 spe·

342 1249 474 1324 cierum
497 1250 620 1348 copia,
651 1248 843 1349 praesertim
859 1247 1023 1322 sectionis
1058 1247 1257 1322 Persicariae
1277 1250 1348 1343 (ι).
1385 1250 1424 1320 ln
1442 1249 1606 1324 varietate
1627 1249 1758 1322 naranri
1778 1251 1845 1322 Po·

341 1359 464 1472 lygoui
476 1372 647 1473 amphibii
663 1397 802 1472 semper
810 1391 996 1446 occurrunt
1013 1389 1047 1444 er
1058 1369 1337 1469 frequentissime
1351 1371 1387 1444 in
1399 1375 1438 1445 P.
1452 1372 1639 1448 Persicaria
1657 1393 1693 1448 ec
1703 1371 1846 1471 Hydro-

341 1495 485 1596 pipere,
519 1496 548 1572 si
564 1497 707 1596 quidem
724 1497 809 1570 locis
829 1493 930 1572 valde
952 1494 1104 1570 humidis
1126 1513 1184 1571 aur
1201 1493 1376 1570 inundatis
1394 1497 1563 1596 leguntur.

339 1715 346 1730 '
392 1619 583 1694 Caudicem
613 1619 858 1694 intermedium
891 1623 948 1716 (a)
963 1621 1000 1694 in
1021 1621 1214 1720 Polygonis
1230 1619 1364 1692 nullum
1397 1617 1531 1705 babeo,
1564 1617 1631 1692 nisi
1649 1617 1697 1690 ira
1725 1638 1847 1691 vocare

344 1742 490 1825 velimus
520 1769 597 1816 eam
622 1737 774 1844 partem}
804 1769 881 1844 quae
902 1743 1133 1819 immediatim
1158 1741 1248 1818 infra
1287 1741 1516 1840 cotyledooes
1550 1759 1682 1831 exstat,
1716 1739 1849 1822 nodum
1898 1757 1902 1764 '

343 1864 501 1958 scilicet,
529 1893 570 1940 ex
603 1894 674 1968 quo
694 1869 777 1967 ipsae
800 1887 913 1942 ortum
932 1867 1066 1942 ducunt
1097 1866 1346 1966 cotyledones,
1376 1883 1409 1938 er
1427 1865 1512 1962 qui,
1544 1862 1632 1936 inno
1646 1863 1849 1964 plerumque
1921 1939 1923 1944 ,

323 1991 461 2088 'paullo
479 1991 706 2080 incrassatus,
736 1989 888 2065 radicem
913 1987 1267 2064 fililormem‘emiuir.
1297 1989 1385 2063 Haec
1408 2010 1486 2088 pars
1507 2010 1643 2086 semper
1673 1985 1790 2086 glabra
1815 2003 1852 2059 ec

246 2181 254 2194 ,
345 2111 440 2188 laevis
468 2113 541 2207 (iu
576 2113 680 2187 unico
711 2115 751 2185 P.
781 2113 1007 2212 Senegalensi
1040 2114 1103 2185 sub
1130 2111 1384 2211 germinatione
1423 2105 1851 2208 glanduloso-lrispidula)

349 2237 494 2309 omnino
515 2236 621 2309 caulis
638 2235 794 2308 indolem
813 2234 917 2310 refert
947 2253 983 2308 er
1001 2233 1219 2334 provectiore
1243 2234 1371 2333 planrae
1398 2251 1499 2308 aerare
1516 2233 1560 2308 ab
1587 2232 1664 2330 ipso
1683 2229 1780 2304 caule
1810 2255 1852 2303 eo

346 2356 593 2464 distinguitur,
622 2356 717 2457 quod
749 2358 787 2435 in
814 2357 1032 2433 extremitate
1065 2381 1247 2456 suprema,
1274 2357 1331 2430 cui
1370 2355 1598 2455 cotyledones
1631 2353 1854 2443 insidebant,

278 2479 280 2484 ’
347 2481 488 2554 ochreae
512 2480 694 2576 vestigium
713 2480 846 2556 nullum
873 2478 1025 2554 exbibet.
1055 2481 1245 2577 Nunquam
1262 2505 1329 2553 nec
1357 2479 1443 2554 solia
1460 2505 1526 2552 nec
1547 2503 1660 2552 ramos
1679 2497 1736 2554 aur
1754 2501 1850 2576 gem-

347 2629 420 2679 mas
438 2603 582 2702 profert.
616 2601 774 2676 Primum
793 2603 888 2676 euim
906 2600 1012 2678 caulis
1035 2600 1274 2677 internodium
1298 2601 1335 2675 id
1350 2601 1487 2686 babeo,
1515 2600 1610 2703 qood
1628 2599 1856 2700 cotyledones

350 2725 441 2802 inter
463 2746 498 2801 er
514 2725 639 2800 lolium
657 2725 809 2827 primum
825 2725 931 2800 sirum
949 2743 1001 2800 est
1017 2743 1064 2800 er·
1078 2724 1152 2799 basi
1181 2724 1308 2800 ocbrea
1326 2743 1418 2802 caret
1438 2727 1509 2821 (3).

635 3241 697 3312 VI.
722 3242 923 3331 CAULlS,
951 3243 1204 3333 OCHREAE,
1229 3240 1404 3331 FOLlA,
1428 3241 1570 3316 RAMl.
1605 3239 1609 3248 '

401 3489 497 3564 luter
522 3487 748 3586 cotyledones
781 3487 890 3562 orirur
915 3489 1054 3580 caulis,
1086 3488 1289 3588 plerumque
1312 3487 1527 3576 herbaceus,
1556 3486 1592 3558 in
1629 3486 1749 3585 paucis
1776 3509 1860 3584 spe·

353 3611 473 3684 ciebus
501 3609 759 3702 sullrnricosus,
791 3613 1048 3711 procumbens,
1080 3610 1293 3688 adscendens
1323 3609 1379 3686 vel
1405 3630 1567 3701 erectus,
1588 3608 1757 3697 foliosus,
1774 3608 1861 3680 sim-

354 3733 435 3833 plex
459 3735 514 3807 vel
539 3758 713 3825 ramosus,
744 3754 858 3824 teres,
889 3734 1009 3824 laevis,
1037 3734 1092 3810 rel
1114 3757 1252 3834 quoque
1269 3735 1360 3838 striis
1380 3733 1575 3835 parallelis,
1593 3733 1671 3833 plus
1702 3731 1861 3805 minusve

354 3855 560 3956 prominulis
586 3859 759 3950 sulcatus,
785 3857 893 3930 lmmo
910 3857 1089 3956 angulatas
1118 3859 1283 3959 (angulis
1300 3857 1335 3932 in
1361 3856 1568 3958 quibusdam
1585 3856 1767 3957 speciebus
1784 3880 1864 3930 acu·

356 3978 506 4076 rearis),
537 3980 669 4055 solidus
691 3981 773 4080 (4),
802 3979 1008 4080 plerumque
1049 3981 1211 4082 gracilis,
1241 4006 1334 4082 saepe
1369 4003 1500 4058 crassus
1544 4001 1580 4056 et
1620 3979 1863 4066 succulentus,

399 4252 445 4327 (ι)
464 4247 510 4310 Cl.
525 4249 561 4308 P.
575 4246 735 4357 Wallicbii
750 4263 778 4340 et
798 4250 979 4334 Nepalerrse,
1000 4203 1082 4316 Tab.
1101 4255 1171 4322 vn.
1286 4315 1361 4354 s

398 4359 448 4438 (a)
464 4354 648 4436 videamur,
669 4377 730 4437 quae
747 4355 783 4420 de
799 4357 918 4421 caudice
936 4359 1101 4443 plantarum
1126 4357 1295 4423 intermecfio
1319 4359 1522 4443 scripserunt:
1547 4357 1590 4420 ill.
1611 4357 1662 4418 De
1690 4358 1863 4434 Condelle,

357 4465 450 4528 Mam.
467 4483 516 4524 aar
535 4463 576 4524 les
594 4463 826 4546 ldgumineuaes,
854 4487 885 4550 p.
905 4467 944 4532 65
961 4487 1022 4550 seq.
1032 4493 1043 4544 ς
1059 4485 1089 4532 er
1105 4469 1190 4532 amici
1203 4470 1235 4530 J.
1259 4469 1386 4549 Hesper,
1405 4469 1461 4528 En.
1477 4465 1627 4550 Euphorb.
1653 4487 1685 4550 p.
1707 4472 1743 4532 16
1756 4509 1767 4541 ,
1780 4480 1865 4543 atqua
1988 4492 1994 4502 ·

359 4549 439 4634 Em.
458 4567 583 4660 Meyer,
599 4573 687 4634 Junci
706 4577 817 4654 generis
836 4577 1052 4660 monogrrpbiae
1076 4580 1197 4664 specim.
1225 4578 1372 4660 Gottiugae
1399 4579 1497 4662 1819,
1527 4585 1697 4660 [1401111.
1716 4589 1745 4636 ec
1759 4575 1864 4636 Boea.

360 4681 439 4744 zen.
459 4683 599 4756 1821,1‚
623 4701 653 4762 p.
673 4683 736 4742 161.

403 4789 452 4866 (5)
474 4786 520 4848 Cs-
542 4785 622 4848 Τὼ·
641 4785 680 4863 1,
697 4785 750 4868 fid·
768 4795 807 4874 42
824 4787 862 4884 5,,
883 4796 935 4869 18,
960 4816 1017 4878 19,
1035 4797 1095 4870 30,
1114 4797 1171 4870 31,
1191 4793 1254 4870 55,
1272 4807 1330 4854 erc·
1347 4814 1383 4870 a,
1402 4791 1434 4854 b.

357 4963 361 4968 ,
403 4895 452 4972 (4)
471 4893 593 4958 Nullum
615 4893 754 4956 hactenus
783 4895 813 4956 in
834 4919 937 4979 genere
956 4889 1121 4984 'Polygono
1149 4901 1271 4963 listulosi
1291 4901 1380 4962 caulis
1396 4899 1555 4984 exemplum
1574 4897 1643 4961 mibi
1668 4897 1819 4974 inuoluit,
1836 4897 1870 4982 111

362 5000 444 5064 Rhea
455 5016 554 5065 contra
564 5001 622 5066 bac
631 5002 754 5066 caulium
768 5004 882 5068 indoles
897 5009 982 5088 (qua
991 5011 1100 5095 pariter
1114 5011 1147 5073 in
1160 5009 1334 5074 namnum
1348 5008 1446 5072 multis
1461 5008 1586 5073 occurrit
1599 5012 1613 5088 )
1626 4993 1870 5070 constantissima.

1682 5141 1702 5202 5
