4722 6076
296 1193 334 1270 Χ

1212 611 1396 708 (36)

546 775 614 853 qne
632 751 781 852 repletus
799 769 872 840 est;
890 751 1033 828 inferior
1050 773 1166 830 autern
1184 757 1341 836 caritatis
1372 785 1449 862 pars
1466 779 1592 862 praeter
1615 761 1807 838 funiculum
1825 763 2064 840 umbilicalens

543 867 596 960 ›lil
621 878 789 952 continet.
815 878 1101 956 Foecundatione
1126 901 1264 981 peracta
1287 883 1428 958 arulum
1455 904 1587 961 tumere
1610 905 1645 961 et
1664 888 1701 961 in
1728 889 1869 988 longum
1893 913 2059 974 crescere,

546 1000 601 1076 vel
620 1001 716 1101 quasi
733 1001 779 1076 ud
802 1002 950 1076 fundum
974 1003 1110 1078 arbenii
1135 1005 1347 1081 descendere
1371 1007 1528 1116 videtur,
1545 1035 1615 1112 quo
1632 1010 1733 1085 simul
1754 1011 1924 1084 funiculus
1949 1009 2064 1085 umbi-

547 1121 657 1198 licalis
685 1127 814 1201 sensim
851 1126 1049 1202 diminuens
1076 1130 1112 1202 in
1139 1132 1380 1230 corpusculum
1408 1131 1499 1206 istud
1541 1135 1703 1234 exiguum
1730 1135 2064 1233 brevissimumque,

550 1249 647 1348 quod
669 1250 705 1322 in
736 1251 868 1326 semine
893 1272 1028 1327 maturo
1040 1254 1131 1328 inter
1159 1254 1267 1328 hilum
1295 1273 1330 1329 'et
1356 1254 1493 1330 achenii
1515 1255 1663 1331 fundum
1688 1257 1840 1357 positum
1867 1256 2067 1357 reperimus,

462 1467 465 1472 Ι
550 1371 737 1450 reducitur.
762 1376 899 1476 Duplex
919 1377 1060 1452 seminis
1084 1377 1120 1452 in
1143 1377 1290 1452 achenio
1319 1379 1460 1453 insertio
1476 1405 1733 1480 nonnunquam
1762 1381 1797 1454 in
1818 1399 1952 1454 namuro
1975 1404 2068 1480 quo-

552 1521 622 1593 que
646 1495 759 1572 adbuc
784 1498 1009 1592 observatur,
1038 1520 1112 1574 tum
1138 1528 1220 1577 vero
1245 1520 1387 1603 uterque
1418 1503 1591 1578 funiculus
1619 1503 1798 1578 levissime⁴
1826 1523 1959 1578 tantum
1987 1527 2068 1576 cum
2155 1537 2157 1542 ·

429 1728 431 1743 Ι
552 1619 699 1696 acltenio
726 1621 1168 1700 cohaeret-Notandum
1200 1625 1313 1700 adbuc
1341 1645 1422 1717 est,
1448 1625 1599 1700 achenia
1630 1626 1713 1732 inde
1749 1653 1768 1700 a
1798 1616 2069 1700 foecundatinne

553 1741 702 1818 lormam
728 1744 988 1845 quodammodo
1014 1770 1146 1824 mutare
1161 1768 1263 1836 ;ante
1288 1775 1365 1823 eam
1397 1750 1561 1824 nimirum
1586 1750 1677 1824 circa
1705 1749 1840 1849 apicem
1866 1751 2070 1849 plerumque

553 1866 676 1943 latiora
699 1887 733 1941 et
756 1869 855 1942 basin
887 1895 1004 1945 versus
1035 1892 1236 1960 attenuata,
1269 1876 1499 1948 accrescendo
1522 1875 1651 1950 deinde
1682 1879 1801 1949 cuirtra
1833 1899 1949 1946 versus
1972 1873 2071 1946 basin

554 1989 676 2065 latiora
696 2011 732 2066 et
757 1993 893 2092 apicem
920 2020 1039 2070 versus
1067 1997 1176 2096 magis
1201 2015 1374 2072 attenuata
1398 2001 1485 2072 liunt
1501 1998 1585 2094 (ct.
1600 2000 1688 2072 Tab.
1706 2001 1774 2072 lll.
1795 1999 1840 2071 H.
1859 2001 1924 2095 530.
1938 2001 2010 2092 rr).

606 2117 817 2215 Primopost
831 2116 1141 2194 foecundationent
1156 2139 1334 2219 ternpore,
1353 2139 1536 2222 antequam
1553 2121 1707 2195 colorem
1720 2122 1868 2196 viridem
1882 2146 1961 2193 cum
1976 2117 2074 2192 lusco

557 2238 790 2329 mutaverint,
815 2241 964 2340 carpello
988 2241 1102 2316 adbuc
1129 2241 1300 2342 diaplrana
1333 2244 1446 2320 nervis
1474 2245 1592 2350 tribus
1612 2245 1782 2344 parallelis
1816 2241 2078 2342 manifestisque

560 2381 680 2440 notata
697 2361 781 2438 vidi.
806 2363 890 2458 (Cl.
907 2364 997 2438 Tab.
1016 2367 1077 2438 tv.
1093 2367 1139 2439 R.
1157 2367 1216 2465 fig.
1237 2375 1276 2441 13
1288 2370 1318 2460 ).

611 2486 736 2560 Samen
754 2507 925 2562 maturum
952 2481 1149 2564 solitarium
1174 2489 1321 2564 aelrenio
1347 2506 1580 2577 contentum,
1608 2490 1704 2586 cujus
1731 2489 1914 2563 cavitatem
1946 2506 2071 2560 exacte

557 2609 702 2712 implet,
728 2609 877 2688 formam
901 2587 1041 2710 quoque
1062 2613 1206 2688 totalem
1220 2609 1360 2687 'acbenii
1379 2610 1506 2697 refert,
1525 2613 1658 2709 angulis
1679 2631 1810 2688 tantum
1827 2612 1941 2682 minus
1959 2607 2079 2698 acutis,

559 2736 661 2838 apice
686 2734 824 2809 brevius
850 2721 1049 2808 acuminato
1069 2733 1206 2806 erbasi
1233 2733 1462 2824 rotundiora,
1488 2736 1614 2834 saepins
1633 2735 1787 2808 cordata.
1804 2733 1955 2808 Seminis
1974 2733 2079 2808 facies

522 2929 527 2949 ,
565 2866 630 2957 (v.
653 2883 689 2964 g,
713 2859 749 2929 in
768 2855 811 2927 P.
837 2855 1061 2958 Fagopyro)
1092 2856 1267 2930 interdurn
1296 2857 1423 2931 lineam
1448 2856 1601 2932 mediam
1622 2857 1738 2956 paullo
1750 2856 1960 2955 depressam
1982 2854 2080 2929 exbi-

563 2985 650 3060 bent
676 2981 733 3056 cui
759 2977 824 3055 alia
848 2978 963 3068 linea,
991 2979 1028 3050 in
1055 2977 1338 3078 fncie'ptrietum
1361 2981 1576 3055 interaneis
1601 2981 1798 3080 prominula
1823 2980 2080 3078 (carpellorum

555 3107 738 3208 margines
752 3109 781 3201 ),
794 3101 992 3202 respondet.¹
1010 3106 1026 3198 (
1041 3101 1097 3176 Cf.
1116 3102 1430 3204 Tab.1v.1t.fig.
1452 3106 1506 3191 13,
1529 3111 1584 3195 14,
1602 3109 1657 3195 18,
1679 3123 1721 3196 ¹9
1738 3124 1772 3179 et
1791 3129 1848 3178 20.
1867 3104 2083 3200 att-Hiram

567 3234 686 3308 colore
720 3229 921 3329 plerumque
946 3224 1147 3326 ferrugineo
1173 3227 1209 3300 in
1241 3227 1431 3302 seminibus
1460 3222 1666 3328 compressis
1693 3229 2085 3328 elliptico-orbiculare,

569 3355 648 3457 (cl.
676 3355 746 3430 tab.
764 3354 829 3425 ΙΙΙ.
856 3355 900 3426 K.
922 3354 979 3453 fig.
999 3355 1079 3450 9.),
1104 3353 1139 3425 in
1168 3352 1340 3453 triquetris
1372 3353 1494 3426 obtuse
1513 3351 1720 3453 triangulare
1743 3366 1801 3426 'est
1824 3371 1858 3425 et
1888 3353 2024 3426 tertiam
2049 3373 2085 3425 v.

571 3477 755 3556 dimidiam
784 3497 917 3577 partem
944 3461 1066 3552 baseos
1083 3475 1225 3549 seminis
1252 3497 1376 3576 aequat.
1402 3477 1443 3546 ln
1461 3473 1506 3545 P.
1523 3473 1715 3575 Fagopyro
1734 3473 1842 3546 hilum
1859 3472 1962 3549 lineis
1980 3465 2089 3547 tribus

570 3601 763 3692 obsoletis,
784 3625 803 3674 e
828 3619 952 3674 centro
979 3601 1014 3674 in
1045 3601 1190 3701 angulos
1217 3598 1501 3687 excurrentibus,
1527 3597 1562 3670 in
1592 3598 1722 3671 areolas
1740 3615 1807 3672 tres
1823 3595 2088 3670 sub-rhomboi-

575 3727 658 3804 aeas
686 3725 834 3800 arrisum
872 3699 958 3798 etat.
996 3723 1081 3814 (cr.
1120 3725 1208 3798 rau.
1238 3724 1299 3795 tv.
1331 3725 1375 3796 a.
1405 3725 1464 3823 ng.
1495 3725 1565 3814 15.)
1599 3763 1634 3777 -
1655 3721 1844 3794 ronzano
1874 3713 2090 3794 umbramus

575 3873 680 3934 teres,
696 3851 792 3922 albus
810 3849 832 3921 l.
852 3848 1059 3936 lascescens,
1077 3845 1132 3920 rix
1156 3845 1191 3941 'lt
1215 3865 1274 3920 aut
1294 3846 1328 3946 Ἰ.
1354 3846 1478 3920 lineam
1493 3846 1625 3944 longus,
1643 3844 1768 3919 semini
1786 3843 1912 3918 arctius
1930 3842 2089 3934 inheret,

579 3999 682 4076 quam
700 3971 860 4046 achenio.

630 4095 900 4212 Sperrnodermu
912 4093 1084 4183 albidum,
1110 4095 1299 4183 rubellrtm,
1321 4091 1495 4180 flavienus,
1512 4089 1767 4190 ferrugineum,
1786 4105 1995 4180 castaneum,
2013 4090 2092 4190 ple·

582 4243 728 4319 rumque
746 4219 847 4304 laeve,
865 4218 979 4292 tunica
997 4239 1048 4290 est
1066 4237 1102 4291 ut
1121 4217 1305 4318 plurimum
1322 4218 1412 4290 adeo
1438 4215 1561 4299 tenuis,
1580 4233 1614 4287 ut
1629 4212 1664 4286 in
1684 4212 1767 4286 duas
1788 4213 1950 4303 lamellas,
1968 4213 2092 4313 quibus

583 4361 741 4435 constat,
789 4340 900 4416 dividi
924 4340 981 4414 uix
1010 4361 1133 4440 queat,
1163 4364 1247 4441 quas
1271 4365 1355 4412 vero
1379 4339 1530 4414 lamellas
1548 4339 1582 4410 in
1610 4333 1656 4408 P.
1675 4336 1830 4434 Αίρίηο,
1859 4336 1918 4408 ubi
1944 4335 2093 4441 exterior

527 4487 528 4492 ’
586 4465 701 4555 lusca,
730 4463 897 4552 solidior,
924 4462 997 4536 lere
1016 4480 1223 4537 testaceam
1261 4461 1676 4564 scrobiculato-punctata
1703 4459 1778 4554 (cl.
1799 4459 1867 4534 tab.
1885 4459 1949 4532 Ill.
1967 4463 2013 4534 G.
2034 4463 2088 4560 fig.

592 4593 681 4690 rm),
701 4587 845 4663 interior
862 4605 982 4662 contra
996 4586 1194 4660 tenuissima
1220 4585 1362 4660 decolor
1378 4612 1418 4659 ac
1436 4583 1627 4685 pellucida,
1645 4582 1747 4656 facile
1763 4583 1948 4658 discernes.

639 4713 813 4787 Alburnen
851 4711 1130 4810 Polygonearum
1170 4711 1368 4808 plerumque
1383 4709 1602 4798 latinorum,
1634 4707 1778 4794 album,
1821 4705 1858 4779 in
1895 4703 2095 4806 Polygonr‘s

587 4837 794 4940 quibusdam
836 4861 1034 4922 corneum,
1064 4833 1088 4908 l.
1117 4861 1290 4911 carnoso·
1306 4832 1589 4932 cartilagineum,
1619 4850 1759 4930 tumque
1795 4827 1937 4918 sordide
1980 4829 2095 4902 album

1481 5006 1540 5040 ιι.
