4596 6052
1227 566 1408 662 (24)

559 716 778 818 pendulore,
804 739 824 790 e
851 715 1068 790 bractearum
1095 711 1206 788 axillis
1231 715 1438 813 prodeunte.
1475 711 1667 786 Aestr'vatrb
1704 730 1754 788 est
1788 712 2036 814 quincuncialis
2050 744 2064 808 ,·

564 861 635 932 aut,
653 842 713 914 nbi
728 839 862 914 lucinioe
881 839 1053 938 calycinae
1068 858 1214 939 quatuor
1233 857 1368 913 tantum
1385 836 1520 926 adsunt,
1543 837 1753 912 alternative.
1771 838 1896 915 Forma
1914 867 1955 916 ac
1972 865 2067 940 mag·

561 965 720 1040 nitndine
738 989 859 1064 parum
881 962 1000 1038 dill'ert
1013 1019 1025 1054 ,
1057 962 1187 1039 laciniis
1210 988 1304 1036 nunc
1327 961 1545 1048 rotundatis,
1578 987 1670 1052 nunc
1695 961 1826 1051 oratis,
1850 989 1941 1038 nunc
1964 963 2067 1062 ellip-

563 1088 665 1177 ticis,
686 1087 797 1163 acutis
815 1087 869 1160 vel
889 1087 1019 1160 obtusis
1034 1141 1045 1177 ,
1059 1085 1206 1178 erectis,
1223 1085 1488 1158 conniventibus
1507 1085 1560 1158 rel
1579 1085 1725 1183 patulis,
1745 1084 1853 1159 fundo
1871 1086 2065 1184 angustiore

565 1212 773 1302 tubilormi,
807 1231 864 1284 aut
884 1211 1062 1311 ampliore.
1087 1209 1127 1282 ln
1144 1209 1348 1310 quibusdam
1372 1208 1554 1307 speciebus
1577 1215 1637 1302 (r.
1657 1234 1692 1308 g.
1712 1211 1750 1282 P.
1770 1209 1957 1282 Persicaria
1985 1225 2092 1282 cum·

560 1336 716 1426 affinibus
731 1388 742 1422 ,
759 1337 798 1407 P.
823 1333 1053 1434 Virginiano,
1074 1335 1113 1406 P.
1137 1333 1376 1414 dumetorum.
1393 1332 1628 1434 Convolvulo,
1660 1335 1755 1427 etc.)
1776 1332 1839 1425 ,ris
1862 1332 2018 1430 ,aperitur
2031 1349 2066 1405 et

560 1477 700 1558 peracta
715 1456 977 1533 foecundatioue
995 1457 1111 1532 statim
1131 1458 1255 1532 iterum
1281 1457 1475 1547 clauditur,
1494 1457 1650 1532 orarium
1666 1455 1794 1532 eodem
1812 1454 1919 1529 modo
1937 1481 1977 1529 ac
1996 1480 2066 1528 aes·

561 1581 728 1659 tiratione
742 1601 835 1655 arcte
857 1579 1073 1656 circumdans
1085 1587 1127 1655 el
1143 1582 1289 1656 omnino
1304 1579 1535 1668 abscondens;
1565 1580 1601 1654 in
1620 1579 1712 1668 aliis,
1724 1605 1806 1678 ,quae
1822 1578 1944 1676 majori
1962 1579 2069 1652 aebe-

559 1703 622 1777 nio
636 1703 818 1787 fruuntur,
846 1703 926 1777 huic
945 1723 1022 1802 post
1040 1705 1197 1778 antbesin
1219 1703 1410 1803 applicatur
1428 1703 1600 1804 quidem,
1623 1729 1693 1775 non
1715 1722 1830 1776 tamen
1860 1720 1930 1774 tam
1947 1721 2067 1791 arcte,

560 1845 598 1900 ut
615 1852 683 1926 pro
708 1827 950 1926 integumento
977 1826 1154 1904 communi
1171 1827 1260 1902 sumi
1284 1829 1403 1926 possit.
1429 1827 1653 1902 Paucissimis
1680 1827 1862 1925 speciebus
1890 1825 2066 1923 exceptis,

561 1947 692 2049 calycis
722 1949 857 2024 laciniae
883 1968 962 2048 post
976 1950 1131 2026 antbesin
1149 1977 1263 2048 neque
1285 1951 1479 2026 increscunt
1494 1978 1607 2050 neque
1624 1951 1771 2027 sormam
1791 1968 1934 2022 mutant
1957 1952 1997 2020 ln
2024 1949 2064 2020 P.

561 2072 808 2148 acetosssaefotio
832 2075 936 2148 Vent.
958 2074 1057 2170 calyx
1076 2093 1154 2174 post
1179 2073 1336 2150 authesin
1347 2075 1461 2175 paullo
1486 2076 1691 2149 incrassatur
1706 2093 1762 2163 et,
1780 2073 1929 2148 fructum
1948 2071 2062 2144 iuclu-
2170 2096 2172 2100 ’

562 2196 649 2287 deus
664 2253 675 2287 ,
689 2195 996 2274 subbaccaeformis
1013 2215 1048 2270 et
1065 2196 1138 2272 fere
1155 2222 1316 2272 carnosus
1328 2201 1381 2287 fit,
1395 2225 1501 2296 quare
1520 2217 1555 2271 et
1574 2223 1637 2273 uos
1653 2200 1741 2272 banc
1759 2197 1912 2296 speciem
1930 2221 2009 2268 cum
2022 2194 2069 2268 cl.

561 2319 694 2417 Ortcga
711 2319 920 2398 Coccolobis
940 2319 1233 2398 adnumerandam
1250 2320 1423 2396 duximus.
1448 2325 1490 2394 In
1507 2320 1553 2395 P.
1580 2324 1801 2395 dumetorum
1819 2342 1855 2396 et
1870 2318 2064 2407 multr'storu

558 2443 625 2520 alia
641 2443 770 2544 calycis
783 2443 930 2518 mutatio
944 2463 1021 2544 past
1039 2445 1196 2521 autbesin
1207 2447 1417 2522 observatur.
1435 2447 1581 2520 Constat
1597 2446 1634 2519 in
1647 2446 1700 2519 bis
1712 2445 1894 2546 speciebus
1907 2470 1927 2518 e
1940 2441 2066 2543 sepelis

559 2569 582 2645 5
613 2567 1171 2668 subaequalibus,basi'coalitis,
1202 2592 1349 2670 quorum
1374 2568 1446 2643 duo
1477 2569 1646 2644 exteriora
1675 2587 1711 2643 et
1741 2569 1880 2644 tertium
1909 2567 2067 2666 margine

556 2688 668 2763 altero
708 2688 924 2798 obtectum,
964 2689 1084 2772 ,altero
1109 2692 1275 2792 sepulum
1317 2693 1493 2768 internum
1541 2694 1639 2792 tegit.
1687 2695 1777 2785 Quae
1820 2690 1955 2768 laciniae
1991 2699 2065 2767 ‚tres

556 2813 749 2887 exteriores
777 2838 885 2888 nervo
919 2811 1038 2886 medio
1062 2814 1239 2914 gaudent,
1268 2816 1338 2913 jam
1362 2817 1405 2891 ab
1437 2817 1538 2890 initio
1568 2841 1688 2914 parum
1725 2815 1965 2913 prominente,
1992 2814 2056 2886 sub

557 2933 717 3009 anthesin
731 2960 868 3035 semper
885 2936 1098 3012 increscente
1115 2959 1148 3013 et
1166 2937 1307 3040 demum
1325 2939 1474 3038 abeunte
1496 2939 1532 3010 in
1550 2939 1701 3012 carinam
1720 2937 1774 3012 vel
1789 2939 1877 3012 alam
1899 2940 1915 3030 (
1932 2935 1982 3010 cl.
1999 2936 2068 3008 tub.

556 3059 611 3149 V,
627 3061 672 3149 Q.
700 3061 758 3159 fig.
779 3095 811 3149 ι,
836 3088 872 3151 a,
891 3063 925 3150 3,
941 3071 964 3151 4
983 3080 1017 3135 et
1035 3065 1068 3136 5.
1083 3064 1139 3159 a.)
1154 3081 1315 3146 tenuem,
1332 3063 1634 3136 membranaceum
1652 3116 1664 3151 ,
1684 3061 2071 3150 reticulato-venusam,

557 3180 673 3282 primo
699 3181 872 3274 viridem,
897 3183 1026 3259 deinde
1051 3184 1189 3259 rubram
1211 3182 1268 3260 rel
1293 3185 1555 3258 luscescentem.
1584 3185 1677 3259 Cum
1703 3209 1785 3257 vero
1812 3208 1992 3282 processus
2011 3181 2069 3255 bic

556 3305 666 3379 alatus
702 3297 837 3405 apicem
874 3329 989 3402 versus
1014 3305 1216 3382 rotundatas
1241 3308 1419 3408 magisque
1445 3309 1634 3407 productus
1659 3326 1693 3381 et
1712 3305 1811 3380 latior
1828 3307 1872 3379 sit
1891 3332 1996 3404 quam
2023 3305 2069 3380 ad

555 3427 681 3517 basin,
707 3427 793 3502 latus
820 3429 1000 3529 quodlibet
1034 3429 1232 3530 hujusmodi
1258 3431 1386 3529 calycis
1412 3430 1561 3506 formam
1586 3431 1690 3504 refert
1708 3428 1960 3520 obcordatam,
1994 3427 2067 3502 basi

556 3567 768 3636 attenuatam
785 3553 801 3644 (
816 3553 867 3665 cf..
881 3555 948 3628 tab.
968 3558 1018 3645 V,
1036 3557 1083 3646 Q.
1099 3555 1170 3668 fig.
1181 3559 1215 3644 4.
1231 3559 1247 3648 )
1262 3552 1467 3654 Sepalorum
1491 3554 1639 3627 duorum
1661 3555 1865 3628 interiorum
1887 3554 2002 3652 apices
2022 3553 2066 3624 ab

556 3675 785 3749 exterioribus
824 3677 969 3750 omnino
1002 3675 1261 3752 absconduntur
1297 3703 1485 3801 eorumque
1516 3676 1605 3754 basis
1644 3694 1776 3751 tantum
1814 3676 2062 3775 aliquantulum

556 3799 741 3898 prospicit.

606 3923 698 3995 Haec
726 3922 869 3998 mutatio
896 3923 1024 4020 calycis
1052 3921 1200 4022 aliquam
1226 3923 1491 3998 similitudinem
1509 3949 1589 3998 curn
1615 3923 1819 3996 Rumr'c'r‘bus
1842 3921 2054 4021 quibusdam

555 4045 758 4132 constituit,
785 4035 931 4145 quorum
944 4047 1059 4145 sepala
1072 4047 1136 4121 tria
1156 4047 1342 4131 interiora,
1360 4065 1437 4146 post
1457 4047 1615 4120 atttlresio
1636 4046 1880 4133 increscentia,
1903 4045 2049 4121 ocbenio

555 4165 635 4238 loco
653 4165 883 4264 integumenti
900 4169 1033 4242 externi
1046 4171 1062 4254 <
1076 4168 1156 4260 alati
1175 4195 1209 4241 v.
1224 4167 1390 4262 carinati)
1411 4169 1618 4258 inserviunt,
1643 4170 1738 4267 cujus
1757 4169 1919 4244 vernulae
1938 4167 2062 4243 bande

456 4383 467 4402 .
557 4313 663 4364 nerto
680 4289 799 4364 medio
818 4290 1011 4388 sepulcrum
1039 4291 1075 4364 in
1099 4292 1251 4368 carinam
1270 4289 1467 4390 producto,
1498 4290 1560 4364 sed
1581 4320 1599 4364 e
1618 4292 1829 4390 marginibus
1860 4290 2059 4368 tenuissime

556 4412 827 4490 membranaceis
841 4433 873 4486 et
888 4413 1038 4488 invicem
1061 4414 1266 4512 applicatis,
1287 4413 1496 4504 formantur,
1526 4414 1596 4505 ita,
1617 4435 1651 4488 ut
1674 4416 1849 4514 singulum
1875 4415 2059 4513 sepulum,

449 4561 454 4568 ·
556 4533 696 4612 nonnisi
717 4535 955 4634 magnitudine
977 4555 1101 4619 aucta,
1134 4563 1153 4612 a
1175 4535 1280 4633 priori
1302 4535 1413 4616 forma
1428 4543 1507 4635 (sc.
1526 4564 1630 4638 quam
1648 4558 1729 4612 aute
1752 4538 1910 4614 antltesin
1933 4561 2005 4634 prae
2023 4557 2060 4610 se

559 4660 721 4756 ferebat)
743 4657 894 4733 differat.

586 4892 590 4903 1
608 4782 785 4856 librorum
801 4801 922 4858 contra
936 4784 1066 4860 fructus
1084 4784 1238 4884 tripteri,
1255 4785 1322 4862 etsi
1339 4784 1451 4862 forma
1467 4783 1635 4862 fructibus
1651 4783 1836 4888 Polygoni
1844 4784 2063 4858 dumetorum
