4722 6076
310 791 397 866 nino
414 813 580 866 curemus.
597 792 728 867 Paucos
745 789 872 867 scimus
888 789 1022 890 specius
1048 789 1121 875 (P.
1140 777 1399 888 salsuginem,
1417 788 1633 862 marr'tirnum
1652 808 1685 864 et
1702 787 1818 892 Poly·

259 943 264 948 ·
307 917 400 1015 goni
421 916 610 988 ovicularis
642 941 714 988 rar.
746 915 962 997 litoralrm).
991 941 1068 1016 quae
1096 915 1131 986 in
1161 912 1237 986 solo
1255 911 1380 990 solibus
1398 911 1624 1014 impinguato
1650 933 1817 990 crescant.

311 1039 487 1131 Qoaedum
506 1039 598 1128 atiae,
627 1066 657 1114 v.
681 1065 716 1140 g.
734 1038 778 1110 P.
795 1037 1007 1112 Parsirarris
1028 1061 1105 1112 var.
1123 1033 1372 1134 lapathisolra,
1399 1036 1572 1110 lubentius
1590 1039 1680 1113 circs
1697 1023 1817 1114 fimeto

309 1183 521 1253 crescentes,
540 1164 644 1238 ratem
662 1162 806 1236 bornum
823 1159 938 1236 forsan
958 1161 1040 1234 nitri
1053 1185 1173 1252 causa,
1191 1158 1287 1260 quod
1306 1179 1495 1234 stercorum
1509 1160 1813 1262 decompositione

308 1285 513 1384 producitur
527 1305 697 1386 terraequo
710 1283 1004 1376 communicatur,
1018 1303 1147 1360 amant.

359 1409 537 1484 Summam
555 1409 750 1509 specierum
778 1408 813 1482 in
840 1407 941 1483 variis
970 1405 1066 1508 globi
1094 1407 1246 1508 partibus
1271 1425 1396 1507 sponte
1422 1406 1637 1481 noscentium
1662 1404 1814 1506 plurium
1881 1397 1887 1406 ’

309 1532 518 1612 incertarum
535 1557 637 1609 causo
653 1551 811 1608 accurate
829 1531 973 1607 definire
992 1531 1184 1634 nequimus.

358 1729 400 1800 In
425 1727 572 1827 Europa
589 1753 807 1802 numeramus
810 1778 1371 1806 ..........
1421 1727 1555 1832 species
1610 1727 1765 1818 14-16.

358 1851 399 1923 In
434 1867 580 1950 utraque
597 1849 743 1927 Sibiria.
810 1900 1552 1929 .............
1607 1875 1764 1948 19-20.

357 1975 398 2046 ln
432 1974 466 2044 Τ
461 1976 597 2064 atarra,
629 1976 774 2074 regiona
808 1975 1176 2067 Taurus-Caucasias
1195 1995 1230 2050 et
1247 1975 1430 2050 Armenta.
1479 2025 1490 2050 .
1542 2026 1553 2049 .
1623 1975 1700 2048 -5-
1726 1975 1763 2050 6.

261 2143 266 2148 -
358 2095 399 2166 In
414 2097 601 2197 Aegypto,
615 2096 776 2172 Barbaria
790 2115 824 2169 et
839 2099 954 2172 Persio
968 2097 1062 2190 (tide
1075 2099 1201 2191 Detite,
1215 2099 1333 2174 Poiret
1346 2119 1379 2174 et
1395 2097 1518 2172 Sieber
1528 2105 1554 2183 ).
1608 2123 1718 2172 10-r
1728 2121 1764 2170 2.

355 2219 397 2292 ln
415 2217 523 2292 India
543 2215 721 2294 Orientali
729 2232 801 2308 (so.
818 2221 1006 2324 Bengulia,
1020 2223 1189 2324 Nepotis,
1205 2222 1440 2324 Archipologo
1459 2221 1552 2296 inso-

404 2343 516 2443 lisque
550 2343 749 2438 Moluccis)
752 2391 1554 2421 ..............
1606 2337 1794 2418 50-55.'

356 2465 398 2538 lu
419 2464 686 2554 t'oclrr'nclrina,
708 2463 824 2540 Clrina
850 2469 1055 2564 etlaponia
1056 2515 1551 2542 .........
1608 2470 1761 2542 ι6-ι8,

355 2589 396 2662 In
415 2587 818 2673 Nora-Hollandra(ex
835 2593 878 2663 R.
893 2593 1021 2672 Brown
1034 2603 1059 2677 J.
1110 2621 1118 2661 κ
1170 2640 1182 2665 .
1232 2642 1243 2663 .
1293 2640 1303 2664 .
1352 2640 1424 2670 .,.
1475 2637 1486 2662 .
1536 2638 1547 2660 .
1611 2617 1630 2652 u
1707 2613 1763 2660 ru.

352 2711 415 2788 nd
434 2711 550 2808 Caput
564 2710 675 2782 Bone
692 2710 779 2809 Spei
792 2713 895 2812 inque
914 2713 1034 2789 insulis
1049 2713 1295 2812 Modogasaar
1307 2732 1340 2788 et
1354 2709 1545 2785 Borbonia.
1610 2739 1630 2776 u
1727 2715 1763 2788 6.

355 2835 399 2906 ln
419 2833 556 2904 Gut'rzaa
577 2854 613 2905 et
629 2834 755 2906 insulis
772 2833 1046 2910 Canarrirusibus
1047 2880 1552 2909 .........
1625 2835 1698 2922 4-
1724 2837 1760 2911 6.

354 2949 820 3036 InArnerr'auboreali(ex
840 2957 990 3046 Nurratt,
1017 2959 1175 3056 Torrey,
1199 2957 1323 3050 Ettior,
1343 2965 1435 3042 etc.)
1484 3006 1496 3030 .
1545 3003 1556 3028 .
1606 2979 1763 3029 20-22.

355 3077 581 3192 lnalmerica
609 3078 851 3177 aequinoctiali
878 3097 912 3152 et
929 3077 1091 3155 Brasilra
1117 3083 1175 3178 (r)
1177 3128 1554 3156 .......
1627 3101 1761 3177 9-10.

354 3302 443 3376 Sunt
469 3327 552 3377 vero
578 3301 812 3400 species,'uti
840 3326 923 3374 mox
949 3301 1282 3393 demonstrabimus,
1307 3325 1389 3402 quae
1417 3328 1486 3377 non
1512 3300 1620 3377 modo
1646 3301 1681 3374 in
1710 3297 1812 3377 soriis

305 3427 464 3528 ejusdem
494 3421 734 3526 hemisphaerii
759 3425 986 3524 regionibus,
1015 3425 1079 3500 sed
1093 3426 1204 3500 immo
1219 3425 1256 3500 iu
1280 3444 1427 3532 utroque
1442 3425 1538 3526 globi
1564 3423 1811 3526 bemispbaerio

306 3568 478 3626 crescunt.

359 3752 392 3800 r.
415 3721 559 3822 Specr'es
581 3719 756 3814 Europa,
794 3717 969 3806 Amerino
999 3719 1138 3798 borcali
1159 3734 1195 3792 et
1221 3718 1319 3792 Astis
1346 3717 1594 3820 eutratropicoe
1622 3717 1761 3807 (lndt'ts

649 3842 839 3934 Orientali,
855 3842 977 3917 Christe
990 3859 1024 3916 et
1034 3841 1197 3942 Japoniu
1208 3859 1223 3936 )
1236 3867 1436 3918 communes
1453 3871 1465 3913 :

380 4017 425 4090 P.
454 4017 614 4090 Bistorta
639 4019 682 4090 l..
700 4017 799 4108 (fide
818 4017 951 4090 Nnttall
969 4037 1002 4091 et
1020 4014 1222 4115 Tbunberg.

380 4140 425 4213 P.
438 4139 656 4238 amplribium
674 4141 717 4215 Ι..
734 4140 829 4222 (fide
846 4139 981 4216 Nuttoll
999 4157 1033 4214 et
1049 4163 1122 4214 seo.
1139 4165 1234 4240 spect
1273 4137 1330 4215 ino
1347 4137 1382 4212 in
1397 4137 1513 4218 Cbina
1529 4137 1631 4234 lectu,
1645 4139 1744 4217 herb.
1761 4141 1813 4218 itt.

306 4265 362 4339 De
378 4263 589 4350 Condolle.)

346 4512 397 4590 (ι)
417 4507 474 4573 His
492 4523 586 4570 rutero
603 4508 837 4572 solummoduds
852 4507 1003 4592 speciebus
1019 4510 1179 4592 descriptis
1190 4507 1309 4590 loquor,
1330 4506 1432 4588 quibus
1450 4527 1537 4592 porro
1553 4509 1664 4594 species
1681 4507 1811 4571 nondun

151 4653 156 4662 ·
306 4615 466 4700 descriptas
485 4617 600 4678 circiter
617 4638 669 4678 sex
694 4617 799 4682 rddere
817 4617 887 4683 licet
903 4639 972 4700 quus
997 4617 1043 4678 itt.
1062 4617 1148 4696 Aug.
1168 4619 1206 4677 de
1224 4618 1272 4680 St.
1293 4615 1417 4678 Hilaire
1437 4616 1466 4676 iu
1494 4617 1618 4679 brasitir
1646 4629 1674 4678 st
1697 4615 1812 4696 quidem

241 4797 244 4806 ι
305 4727 449 4807 praeoipue
466 4725 494 4784 io
511 4726 664 4786 Provincia
684 4725 728 4787 St.
749 4725 830 4786 Pauli
849 4724 953 4807 legisse
968 4724 1039 4788 ntbr'
1056 4724 1152 4804 dixit,
1180 4735 1300 4808 quatum
1314 4723 1522 4809 descriptiones
1540 4743 1606 4790 nox
1631 4723 1662 4786 in
1688 4721 1812 4809 egregiis

303 4830 390 4922 hujus
405 4833 538 4898 onusto
556 4833 693 4918 operibus
714 4835 809 4918 legere
826 4853 986 4918 speramus.
