4722 6076
1180 562 1199 659 (
1251 572 1296 654 14

509 708 684 785 interdum
707 706 876 808 oblongi,
898 707 1006 782 immo
1024 568 1498 814 cordato-sagittatiifolium
1515 714 1729 790 mentiuntur
1747 734 1782 792 et
1799 717 1863 792 sub
1880 717 2019 798 ramulis

508 832 604 908 bisce
635 833 853 933 persistunt,
871 857 951 906 cum
974 833 1030 906 isti
1057 855 1199 926 contra,
1224 838 1285 937 qui
1314 839 1358 915 ad
1383 838 1549 912 foliorum
1574 838 1789 914 cauliuorum
1816 843 2020 918 inferiorum

507 955 606 1038 basin
634 976 794 1051 exstant,
821 957 1113 1057 proutpvidetur,
1141 960 1276 1038 facilius
1290 961 1499 1038 dilabuntur.
1526 962 1617 1062 (Cf.
1637 964 1725 1039 Tab.
1743 984 1793 1058 tl,
1806 983 1841 1039 et
1865 967 1932 1046 tab·
1951 988 2025 1064 vtt,

512 1079 666 1178 aar

975 1293 1011 1375 4.
1036 1283 1178 1360 Ochreae
1195 1283 1396 1387 bipartite,
1421 1288 1560 1362 br'loboe.

557 1507 610 1581 lta
627 1529 717 1579 voco
735 1503 1032 1580 modificationem
1052 1509 1165 1582 unicae
1183 1509 1332 1583 sectioni
1350 1509 1558 1586 Aviculariae
1575 1510 1751 1610 propriam
1769 1527 1871 1610 atque
1889 1509 1932 1584 ab
1945 1533 2019 1583 om-

509 1627 634 1717 nibus,
659 1655 742 1729 quas
755 1627 932 1730 hucusque
946 1631 1256 1729 contemplavimus
1274 1634 1388 1730 primo
1401 1634 1529 1706 intuitu
1546 1633 1711 1709 facillime
1726 1632 2020 1733 distinguendam.

510 1753 651 1826 Ochrea
681 1751 741 1824 hic
765 1773 900 1828 constat
925 1781 944 1828 e
970 1757 1171 1830 membrana
1191 1753 1399 1848 tenerrima,
1420 1757 1514 1846 alba,
1530 1757 1706 1848 micante,
1729 1757 1901 1855 pellucida
1913 1809 1923 1844 ,
1942 1753 2021 1828 laevi

506 1874 717 1974 glabraque,
733 1875 807 1952 basi
823 1885 839 1974 (
857 1877 880 1947 i.
895 1901 925 1950 e.
954 1874 1044 1948 infra
1074 1876 1198 1975 petioli
1216 1875 1470 1973 insertionem)
1495 1879 1653 1969 caulem,
1682 1879 1739 1952 cui
1768 1876 1859 1953 circa
1888 1879 2021 1952 nodum

487 1985 489 1992 ¹
507 1996 632 2073 adnata
650 2015 729 2088 est,
752 1997 903 2097 cylindri
924 1997 968 2074 ad
986 1997 1092 2072 instar
1110 1998 1314 2092 includens,
1331 2001 1392 2076 sed
1419 2001 1503 2076 inde
1521 2029 1541 2077 a
1565 2002 1686 2100 petioli
1705 2002 1891 2076 insertione
1913 2003 2021 2100 (quae

504 2144 642 2220 semper
660 2120 750 2194 inira
768 2119 923 2194 medium
941 2124 1017 2217 est)
1042 2121 1171 2196 fissuris
1190 2123 1323 2198 duabus
1339 2123 1466 2222 partita
1484 2125 1521 2198 in
1538 2124 1637 2198 lobos
1650 2124 1805 2198 laterales
1817 2123 1905 2197 duos
1922 2121 2022 2221 ellip-

506 2242 617 2330 ticos,
635 2243 845 2318 lanceolatos
860 2245 916 2318 vel
934 2244 1104 2335 lineares,
1121 2246 1293 2344 petiolum
1307 2245 1398 2319 inter
1414 2271 1452 2320 se
1469 2247 1697 2345 excipientes,
1710 2246 1807 2344 cujus
1823 2247 1920 2320 nervi
1934 2245 2023 2320 obli·

505 2391 573 2466 que
604 2364 872 2457 descendentes,
900 2369 1054 2453 arcuati,
1085 2369 1123 2444 in
1150 2387 1334 2468 utrumque
1361 2367 1497 2442 ochreae
1516 2370 1636 2442 lobum
1663 2386 1849 2443 transeunt.
1872 2367 2021 2467 Utrique

505 2487 609 2578 lobo‚
629 2508 755 2588 praeter
771 2515 894 2565 nervos
921 2490 1195 2583 descendentes,
1216 2495 1315 2568 nervi
1343 2495 1439 2589 5-7
1468 2491 1718 2569 adscendentes
1747 2507 1849 2580 sunt,
1873 2515 2022 2591 quorum

503 2612 677 2688 maximus
694 2612 896 2714 caeterisque
913 2612 1062 2690 validior
1078 2615 1250 2714 pinnatim
1268 2616 1560 2707 ramosiuscnlus,
1581 2633 1717 2700 rectus3
1737 2613 1910 2712 adipsum
1929 2637 2023 2688 mar·

472 2818 488 2838 ,⁸
504 2737 625 2836 ginem
642 2759 751 2833 usque
768 2761 928 2835 pergens,
950 2733 1042 2812 ltaud
1060 2763 1080 2811 e
1098 2763 1206 2810 nervo
1222 2738 1485 2829 descendente,
1502 2738 1565 2813 sed
1583 2764 1624 2812 ex
1643 2737 1763 2810 infimo
1778 2733 1915 2809 ochreae
1933 2760 2023 2813 utar·

504 2859 587 2960 gine
603 2857 740 2932 basilari
763 2857 881 2931 oritur.
902 2857 961 2934 Ad
984 2857 1078 2934 hunc
1101 2885 1247 2934 nervum
1273 2860 1428 2982 medium
1455 2861 1552 2935 nervi
1582 2860 1737 2934 laterales
1768 2859 1841 2931 duo
1867 2859 1922 2933 vel
1954 2876 2022 2932 tres

504 2981 679 3056 tenuiores
709 3006 728 3053 e
769 3006 875 3055 nervo
904 2980 1139 3058 descendente
1170 3004 1314 3059 externo
1343 2982 1555 3085 prodeuntes
1585 2980 1784 3066 accedunt,
1816 3007 1904 3080 quos
1935 2983 2023 3058 ult‘ra

504 3103 657 3177 mediam
692 3103 765 3176 lobi
794 3103 1052 3205 longitudinem
1084 3107 1194 3179 oculis
1226 3108 1389 3206 prosequi
1420 3133 1491 3176 non
1518 3106 1629 3204 potui.
1655 3107 1789 3178 Omnes
1819 3106 1916 3180 nervi
1947 3105 2024 3181 lus·

506 3247 681 3316 cescum,
716 3229 916 3305 membrana
959 3250 1097 3326 quoque
1138 3227 1182 3300 iis
1221 3228 1405 3304 intertexta
1446 3227 1521 3300 basi
1559 3253 1656 3326 saepe
1693 3226 1800 3304 livida
1841 3245 1898 3301 aut
1936 3228 2022 3302 sub-

387 3381 388 3386 *
505 3352 604 3427 lusca
634 3369 699 3424 est.

555 3476 646 3550 Sunt
669 3472 808 3565 forsan,
832 3475 957 3576 quibus
983 3474 1206 3575 conjectura,
1231 3473 1289 3546 cui
1315 3473 1390 3574 ipse
1406 3472 1565 3548 favebam
1583 3490 1768 3572 antequam
1786 3499 1860 3547 rem
1876 3497 2021 3550 accura-

506 3600 576 3676 tius
600 3597 888 3688 examinaverim,
915 3599 1078 3673 ocltream
1105 3625 1232 3699 nempe
1259 3596 1360 3673 initio
1390 3621 1470 3672 vere
1498 3594 1726 3695 cylindricam
1749 3616 1783 3670 et
1811 3595 1856 3670 ad
1885 3598 2022 3696 apicem

506 3747 614 3821 usque
632 3724 786 3819 junctam
810 3721 917 3797 luisse
942 3721 1119 3820 seriusque
1147 3741 1279 3794 tantum
1307 3721 1433 3794 fissuris
1461 3719 1593 3792 duabus
1619 3719 1803 3818 partitam,
1830 3718 2020 3810 arridebit;

506 3871 601 3920 nunc
634 3865 775 3935 antem,
802 3844 839 3917 in
859 3842 901 3916 P.
918 3844 1098 3915 maritimo
1118 3862 1151 3916 et
1169 3843 1344 3915 uvr'cularr'
1355 3843 1481 3942 saepius
1498 3841 1669 3916 reiteratio
1696 3841 2019 3941 disquisitionibus,

508 3969 647 4047 abunde
672 3969 851 4043 convictus
881 3991 980 4055 sum,
999 3969 1132 4040 fissuras
1152 3992 1221 4039 nou
1240 3955 1408 4040 serius'et
1436 3992 1497 4064 pet
1524 3965 1685 4040 accidens
1708 3966 1805 4064 quasi
1832 3965 1935 4056 oriri,
1956 3965 2019 4041 sed

508 4092 622 4192 primo
636 4094 705 4191 jam
725 4091 826 4164 initio
844 4089 963 4164 adesse
982 4109 1015 4164 et
1032 4090 1123 4165 hanc
1140 4091 1187 4163 ob
1205 4115 1277 4163 rem
1296 4089 1530 4164 characterem
1556 4088 1773 4162 essentialem
1803 4087 1903 4186 hujus
1934 4115 2019 4164 nor·

508 4240 576 4290 mae
595 4243 663 4315 prae
681 4242 717 4290 se
736 4215 835 4289 serre.
855 4215 1033 4288 Loborum
1051 4238 1170 4315 margo
1186 4213 1300 4313 primo
1318 4212 1452 4312 integer
1468 4227 1631 4312 apparet,
1651 4213 1688 4285 in
1705 4209 1858 4310 pluribus
1879 4214 2017 4312 specie·

508 4338 574 4412 bus
590 4339 698 4411 serius
715 4338 946 4439 irregulariter
960 4341 1056 4411 fissus
1075 4337 1351 4436 fimbriatusque,
1374 4362 1444 4435 quo
1469 4339 1519 4426 lit,
1542 4354 1581 4407 ut
1598 4361 1678 4408 vera
1700 4335 1836 4407 ocbreae
1849 4355 2017 4413 structura

509 4482 594 4539 tunc
613 4463 760 4563 intelligi
779 4480 937 4562 nequeat.
955 4461 1091 4534 Statum
1109 4461 1282 4560 integrum
1313 4484 1496 4558 veramque
1526 4458 1717 4532 normalem
1735 4456 1883 4531 sormam
1908 4483 2017 4534 unus-

510 4587 655 4688 quisque
686 4587 720 4659 in
750 4610 923 4661 ramorum
949 4583 1204 4659 summitatibus
1233 4602 1269 4655 et
1292 4581 1482 4684 praesertim
1507 4582 1575 4658 ,sub
1603 4581 1855 4682 germinatione
1883 4581 2015 4679 optime

511 4709 655 4784 videbit
673 4711 714 4782 ln
731 4705 939 4810 quibusdum
957 4707 1205 4808 speciminibus
1224 4704 1269 4778 P.
1292 4705 1469 4812 murrlr'nri
1495 4725 1679 4806 utrumque
1705 4705 1825 4777 loburn
1842 4703 1940 4804 apice
1960 4704 2017 4778 fis-

513 4853 591 4908 sum
615 4830 712 4925 vidi,
733 4832 797 4916 ita,
827 4851 863 4908 ut
886 4834 960 4930 ejus
989 4856 1110 4931 margo
1140 4831 1262 4909 dentes
1283 4827 1380 4928 quasi
1415 4827 1502 4904 duos
1531 4830 1699 4928 majores,
1731 4847 1870 4919 acutos,
1903 4826 2014 4904 inter·
