4722 6076
1036 685 1232 781 (ιιι)

381 838 451 912 bus
482 834 653 910 detractis
682 831 869 934 speciebus
904 830 1047 907 duabus
1080 855 1209 932 genere
1244 831 1388 908 diversis
1420 837 1457 908 et
1490 832 1631 910 duabus
1664 833 1763 924 aliis,
1798 857 1891 934 quas

383 986 451 1061 pro
483 961 723 1037 varietatibus
754 959 894 1049 habeo,
930 961 988 1036 23.
1035 964 1182 1035 tantum
1213 966 1391 1060 tanquam
1422 983 1508 1036 vera
1541 959 1727 1062 Polygona
1757 987 1892 1062 agnos·

380 1086 509 1161 cimus.

431 1211 473 1284 B·
507 1210 718 1290 Willdenovv
734 1231 832 1288 annu
862 1237 967 1314 ¹799·
987 1213 1113 1310 (Linn.
1129 1237 1183 1312 sp.
1200 1209 1250 1310 pl.
1267 1209 1324 1286 ed.
1343 1208 1614 1310 1v.)Polygona
1632 1206 1819 1311 descripsit
1833 1207 1892 1299 43.

381 1359 539 1434 quorum
559 1361 733 1411 numerus
750 1362 848 1429 vero,
866 1335 1019 1412 exclusis
1043 1335 1230 1437 speciebus
1257 1361 1388 1438 genere
1414 1335 1590 1411 distinctis
1616 1324 1894 1436 conjunctisque

381 1459 662 1562 conjungendis,
688 1463 733 1536 ad
751 1465 911 1553 34-35
925 1463 1122 1537 reducitur.
1890 1441 1896 1455 ¹

430 1582 485 1658 Cl.
511 1583 669 1659 Persona
687 1611 785 1661 antro
805 1591 909 1664 1805.
924 1585 1147 1685 (Euchirid.)
1167 1587 1303 1688 species
1317 1590 1374 1662 51.
1389 1585 1550 1680 tradidit,
1564 1611 1662 1687 quae,
1682 1585 1758 1688 pari
1785 1585 1896 1660 modo

380 1714 609 1810 expurgatae,
625 1735 728 1786 veras
745 1712 879 1813 species
896 1721 1065 1808 dre-42.
1088 1713 1290 1788 continent.

429 1830 486 1905 Cl.
512 1832 688 1936 Sprengel
718 1859 815 1910 anno
852 1839 956 1914 1825.
981 1843 1104 1936 (syst.
1135 1861 1213 1937 veg.
1250 1841 1320 1933 11.)
1348 1835 1621 1938 Polygonorum
1658 1835 1793 1936 species
1833 1840 1892 1931 94.

382 1960 635 2052 enumeravit,
659 1985 817 2060 quarum
840 1963 901 2036 vix
917 1965 1026 2040 83·—
1040 1969 1100 2053 84.
1118 1987 1220 2036 veras
1238 1961 1503 2060 servandasque
1523 1987 1597 2036 esse
1615 1963 1795 2036 existimo.
1891 1952 1894 1969 ’

431 2087 511 2182 Ego
529 2083 679 2183 quidem
697 2089 837 2186 generis
856 2089 1033 2186 Polygoni
1054 2085 1187 2185 (quale
1205 2111 1302 2160 nunc
1323 2085 1500 2160 botanicis
1518 2087 1642 2178 trado,
1661 2087 1707 2159 ab
1725 2083 1896 2158 onmibus

379 2205 514 2282 scilicet
533 2209 733 2308 speciebus,
749 2235 834 2307 quae
857 2235 987 2312 genere
1006 2210 1237 2311 discrepant,
1259 2208 1481 2306 liberatum)
1511 2211 1646 2311 species
1659 2210 1800 2284 circiter
1816 2235 1895 2282 112.

382 2329 528 2426 (dubiis
547 2332 645 2405 haud
664 2332 844 2430 exclusis)
873 2334 1148 2407 exauctoribus
1169 2335 1392 2436 conscripsi,
1419 2335 1554 2434 quibus
1582 2361 1690 2434 porro
1717 2334 1896 2408 addendae

380 2458 514 2555 species
529 2481 640 2529 ro-ra
652 2457 816 2530 nondum
826 2467 932 2532 antea
941 2457 1142 2558 descriptae.
1157 2461 1292 2532 Totam
1304 2459 1610 2559 igitursummam
1620 2458 1895 2559 Polygonorum

379 2580 569 2680 hucusque
582 2581 815 2680 cognitorum
825 2581 870 2654 ad
883 2589 1056 2672 ras—124
1072 2581 1328 2654 aestimandam
1344 2607 1484 2658 censeo.
1494 2583 1614 2658 Facile
1626 2591 1750 2657 tamen
1763 2581 1890 2658 multae

380 2703 498 2778 adhuc
512 2705 661 2806 species,
674 2705 824 2804 quando
841 2703 967 2780 melius
986 2705 1225 2796 innotuerint,
1241 2705 1512 2806 conjungendae
1530 2713 1650 2792 eruut,
1667 2709 1745 2807 ipse
1769 2715 1895 2806 autem

380 2825 483 2901 aliter
500 2830 721 2929 conjungere
748 2827 845 2903 nolui
873 2855 915 2903 ac
943 2830 1010 2904 rite
1030 2829 1246 2903 examinatis
1277 2835 1472 2904 auctorum
1500 2831 1759 2930 speciminibus
1788 2837 1898 2906 auto·

381 2952 609 3053 graphisaut
627 2978 753 3027 eorum
772 2952 1005 3053 diagnosibus
1025 2953 1403 3054 descriptionibusque
1421 2955 1585 3028 omnimo
1604 2956 1785 3058 congruis.

429 3077 540 3171 Quod
579 3075 908 3178 organograplsicm
944 3082 1099 3171 attinet,
1135 3104 1248 3180 quam
1286 3079 1435 3181 synopsi
1473 3081 1678 3182 specierum
1710 3079 1896 3185 praemisi,
1950 3095 1956 3111 ’

381 3203 553 3276 monebo.
566 3200 823 3294 solummodo,
842 3228 901 3277 me
920 3206 1105 3306 praecipue
1120 3229 1228 3278 usum
1245 3229 1318 3278 esse
1337 3205 1502 3278 terminis
1521 3205 1567 3278 ab
1584 3203 1631 3278 ill.
1652 3205 1706 3281 De
1721 3199 1897 3281 Candolle
1937 3203 1946 3212 ”

379 3328 418 3400 in
444 3325 522 3400 libri
541 3329 595 3401 sui
614 3325 902 3427 praestantissimi
934 3361 951 3396 ιι
968 3321 1123 3404 Theurie
1147 3327 1390 3420 elementaire,
1415 3337 1486 3406 etc.
1503 3365 1521 3400 a
1541 3325 1700 3405 editione
1731 3329 1893 3406 sec‘undtl

381 3451 553 3551 expositis
572 3457 608 3525 et
626 3453 672 3525 ab
691 3454 768 3551 ipso
792 3449 970 3526 adhibitis.
984 3451 1290 3550 Instar-essentiam
1305 3455 1353 3528 ad
1375 3455 1580 3530 amicissimi
1601 3456 1739 3531 mihil.
1757 3456 1897 3556 Roeper

381 3575 554 3675 principia
573 3578 627 3666 (ι)
654 3576 940 3675 pertractavi—
956 3579 1263 3664 Observationes,
1291 3577 1455 3675 aunlysss
1483 3587 1519 3654 et
1550 3583 1681 3682 figuras
1709 3591 1895 3684 quantun·

382 3723 526 3796 cunque
549 3700 650 3797 potui
681 3701 717 3771 in
746 3700 835 3773 vivis
861 3703 1002 3775 institui
1033 3700 1238 3795 individuis,
1257 3727 1416 3802 quorum
1436 3706 1511 3805 ipse
1533 3707 1570 3778 in
1597 3708 1704 3782 borlo
1723 3707 1897 3784 bolanico

385 3824 589 3897 Genevensi
606 3822 777 3920 qrraedam
797 3823 903 3899 colui.

430 3946 486 4020 De
504 3947 638 4020 fabrica
657 3949 796 4020 interna
817 3947 864 4020 nil
884 3949 957 4023 dixi
976 3975 1042 4024 nec
1061 3951 1250 4050 peculiaris
1263 3954 1460 4054 quicquam
1474 3956 1685 4041 observavi,
1703 3959 1767 4031 nisi
1780 3959 1891 4058 glun·

382 4066 488 4140 dulas
512 4069 583 4143 truc
608 4071 739 4145 referas
753 4073 788 4144 in
810 4075 948 4172 majore
962 4074 1232 4174 Polygonurum
1253 4104 1406 4152 numero
1424 4085 1648 4153 occurentes.
1673 4079 1896 4183 Plerumque

382 4193 570 4294 glandulas
604 4197 689 4269 istas
716 4198 752 4270 in
781 4196 869 4272 foliis
904 4198 1121 4274 offendimus
1154 4203 1222 4274 sub
1257 4201 1476 4300 cpidermide
1514 4203 1579 4301 ipsi
1615 4207 1894 4303 parencbymati

383 4318 620 4410 intertexlaS,
638 4323 888 4422 magnitudine
906 4348 1010 4422 aeque
1033 4351 1076 4399 ac
1098 4328 1203 4426 copia
1221 4327 1338 4399 varias
1354 4383 1365 4415 ,
1385 4352 1484 4401 nunc
1507 4351 1638 4426 opacas
1665 4353 1765 4404 rrunc
1784 4329 1894 4430 pellu-

383 4439 491 4514 cidas.
519 4443 711 4516 interdum
741 4470 804 4544 per
834 4471 940 4546 poros
962 4448 1191 4547 epidermirlis
1213 4452 1413 4550 prospicere
1440 4451 1611 4525 videnlur
1640 4458 1678 4524 et
1708 4455 1891 4528 viscosum

383 4575 575 4640 secernunt
592 4591 770 4660 succum,
795 4571 848 4643 uti
874 4570 910 4643 in
932 4572 972 4644 P.
992 4573 1129 4648 viscoso
1148 4575 1230 4647 Don
1256 4575 1433 4648 videmus.
1457 4574 1579 4648 Plures
1597 4601 1743 4675 quoque
1757 4580 1896 4678 species

426 4851 474 4925 (r)
494 4847 705 4911 Observatious
731 4873 782 4912 sur
800 4853 827 4914 la
847 4867 947 4914 nature
975 4855 1027 4916 des
1053 4855 1139 4916 llrurs
1162 4871 1190 4918 et
1222 4857 1274 4919 des
1294 4856 1534 4941 inlloresoeucrs,
1566 4860 1595 4920 in
1622 4861 1668 4924 N.
1702 4860 1739 4922 C.
1769 4819 1901 4942 Seriage

386 4953 552 5033 Meleager
567 4959 768 5041 Botuniqum,
784 4961 854 5026 Vol.
874 4964 923 5040 11,
938 4985 968 5048 p.
989 4987 1024 5046 7¹
1045 4979 1073 5027 ct
1089 4985 1149 5045 seq.
