<?xml version="1.0" encoding="UTF-8"?>
<!DOCTYPE html PUBLIC "-//W3C//DTD XHTML 1.0 Transitional//EN"
    "http://www.w3.org/TR/xhtml1/DTD/xhtml1-transitional.dtd">
<html xmlns="http://www.w3.org/1999/xhtml" xml:lang="en" lang="en">
 <head>
  <title>
</title>
<meta http-equiv="Content-Type" content="text/html;charset=utf-8" />
  <meta name='ocr-system' content='tesseract 3.04.00' />
  <meta name='ocr-capabilities' content='ocr_page ocr_carea ocr_par ocr_line ocrx_word'/>
</head>
<body>
  <div class='ocr_page' id='page_1' title='image "./monographigener00meisgoog_0045.png"; bbox 0 0 4722 6076; ppageno 0'>
   <div class='ocr_carea' id='block_1_1' title="bbox 278 660 1806 1160">
    <p class='ocr_par' dir='ltr' id='par_1_1' title="bbox 278 660 1806 1160">
     <span class='ocr_line' id='line_1_1' title="bbox 936 660 1119 755; baseline -0.005 0"><span class='ocrx_word' id='word_1_1' title='bbox 936 662 954 755; x_wconf 92' lang='grc'>(</span> <span class='ocrx_word' id='word_1_2' title='bbox 1004 661 1048 735; x_wconf 81' lang='lat'>³¹</span> <span class='ocrx_word' id='word_1_3' title='bbox 1100 660 1119 754; x_wconf 95' lang='grc'>)</span> 
     </span>
     <span class='ocr_line' id='line_1_2' title="bbox 278 801 1805 911; baseline -0.008 -19"><span class='ocrx_word' id='word_1_4' title='bbox 278 816 414 892; x_wconf 80' lang='lat' dir='ltr'>sicario</span> <span class='ocrx_word' id='word_1_5' title='bbox 439 817 513 911; x_wconf 87' lang='lat' dir='ltr'>(r),</span> <span class='ocrx_word' id='word_1_6' title='bbox 526 813 688 887; x_wconf 84' lang='lat' dir='ltr'>Bisrorta</span> <span class='ocrx_word' id='word_1_7' title='bbox 711 811 782 908; x_wconf 78' lang='lat' dir='ltr'>(a),</span> <span class='ocrx_word' id='word_1_8' title='bbox 801 807 994 911; x_wconf 81' lang='lat' dir='ltr'>Fogopyro</span> <span class='ocrx_word' id='word_1_9' title='bbox 1012 807 1085 906; x_wconf 82' lang='lat'>(3),</span> <span class='ocrx_word' id='word_1_10' title='bbox 1104 805 1292 908; x_wconf 79' lang='lat' dir='ltr'>pauc&#39;urque</span> <span class='ocrx_word' id='word_1_11' title='bbox 1317 801 1499 906; x_wconf 81' lang='lat' dir='ltr'>ipeaiebus</span> <span class='ocrx_word' id='word_1_12' title='bbox 1519 803 1683 879; x_wconf 85' lang='lat' dir='ltr'>sectionis</span> <span class='ocrx_word' id='word_1_13' title='bbox 1705 803 1805 880; x_wconf 81' lang='lat' dir='ltr'>Aco-</span> 
     </span>
     <span class='ocr_line' id='line_1_3' title="bbox 281 923 1805 1040; baseline -0.005 -26"><span class='ocrx_word' id='word_1_14' title='bbox 281 939 487 1039; x_wconf 76' lang='lat' dir='ltr'>nogom&#39;(4)</span> <span class='ocrx_word' id='word_1_15' title='bbox 513 923 653 1040; x_wconf 75' lang='lat' dir='ltr'>propria</span> <span class='ocrx_word' id='word_1_16' title='bbox 669 951 733 1011; x_wconf 86' lang='lat' dir='ltr'>est.</span> <span class='ocrx_word' id='word_1_17' title='bbox 760 931 806 1010; x_wconf 85' lang='lat' dir='ltr'>P.</span> <span class='ocrx_word' id='word_1_18' title='bbox 826 933 862 1008; x_wconf 84' lang='lat' dir='ltr'><em>V</em></span> <span class='ocrx_word' id='word_1_19' title='bbox 861 935 1081 1035; x_wconf 79' lang='lat' dir='ltr'>rigim‘onum</span> <span class='ocrx_word' id='word_1_20' title='bbox 1110 951 1227 1008; x_wconf 88' lang='lat' dir='ltr'>autem</span> <span class='ocrx_word' id='word_1_21' title='bbox 1252 929 1294 1007; x_wconf 90' lang='lat' dir='ltr'>ab</span> <span class='ocrx_word' id='word_1_22' title='bbox 1312 927 1378 1004; x_wconf 84' lang='lat' dir='ltr'>hac</span> <span class='ocrx_word' id='word_1_23' title='bbox 1400 929 1518 1031; x_wconf 86' lang='lat' dir='ltr'>paullo</span> <span class='ocrx_word' id='word_1_24' title='bbox 1544 927 1675 1004; x_wconf 82' lang='lat' dir='ltr'>recedit</span> <span class='ocrx_word' id='word_1_25' title='bbox 1705 931 1805 1032; x_wconf 85' lang='lat' dir='ltr'>stylit</span> 
     </span>
     <span class='ocr_line' id='line_1_4' title="bbox 284 1054 1806 1160; baseline -0.003 -24"><span class='ocrx_word' id='word_1_26' title='bbox 284 1063 482 1153; x_wconf 89' lang='lat' dir='ltr'>latioribus,</span> <span class='ocrx_word' id='word_1_27' title='bbox 501 1059 689 1150; x_wconf 85' lang='lat' dir='ltr'>subulatis,</span> <span class='ocrx_word' id='word_1_28' title='bbox 703 1085 776 1134; x_wconf 88' lang='lat' dir='ltr'>non</span> <span class='ocrx_word' id='word_1_29' title='bbox 797 1057 1059 1160; x_wconf 87' lang='lat' dir='ltr'>divergentibus</span> <span class='ocrx_word' id='word_1_30' title='bbox 1073 1110 1084 1149; x_wconf 86' lang='lat'>,</span> <span class='ocrx_word' id='word_1_31' title='bbox 1100 1078 1180 1158; x_wconf 89' lang='lat' dir='ltr'>post</span> <span class='ocrx_word' id='word_1_32' title='bbox 1194 1054 1504 1132; x_wconf 85' lang='lat' dir='ltr'>foecundariouern</span> <span class='ocrx_word' id='word_1_33' title='bbox 1518 1081 1589 1130; x_wconf 91' lang='lat' dir='ltr'>uon</span> <span class='ocrx_word' id='word_1_34' title='bbox 1608 1057 1644 1130; x_wconf 90' lang='lat' dir='ltr'>iu</span> <span class='ocrx_word' id='word_1_35' title='bbox 1659 1057 1806 1158; x_wconf 86' lang='lat' dir='ltr'>ungulos</span> 
     </span>
    </p>
   </div>
   <div class='ocr_carea' id='block_1_2' title="bbox 278 1163 1932 1283">
    <p class='ocr_par' dir='ltr' id='par_1_2' title="bbox 278 1163 1932 1283">
     <span class='ocr_line' id='line_1_5' title="bbox 278 1163 1932 1283; baseline -0.004 -21"><span class='ocrx_word' id='word_1_36' title='bbox 278 1187 403 1262; x_wconf 90' lang='lat' dir='ltr'>sedin</span> <span class='ocrx_word' id='word_1_37' title='bbox 437 1212 542 1262; x_wconf 89' lang='lat' dir='ltr'>uuam</span> <span class='ocrx_word' id='word_1_38' title='bbox 568 1183 788 1283; x_wconf 85' lang='lat' dir='ltr'>eandemque</span> <span class='ocrx_word' id='word_1_39' title='bbox 794 1181 939 1281; x_wconf 84' lang='lat' dir='ltr'>faciem</span> <span class='ocrx_word' id='word_1_40' title='bbox 966 1181 1104 1259; x_wconf 80' lang='lat' dir='ltr'>achenii</span> <span class='ocrx_word' id='word_1_41' title='bbox 1129 1181 1282 1258; x_wconf 85' lang='lat' dir='ltr'>incurvis</span> <span class='ocrx_word' id='word_1_42' title='bbox 1309 1201 1344 1257; x_wconf 90' lang='lat' dir='ltr'>et</span> <span class='ocrx_word' id='word_1_43' title='bbox 1370 1181 1589 1282; x_wconf 68' lang='lat' dir='ltr'><strong>stigmatibus</strong></span> <span class='ocrx_word' id='word_1_44' title='bbox 1611 1181 1806 1270; x_wconf 73' lang='lat' dir='ltr'><strong>obsoletis,</strong></span> <span class='ocrx_word' id='word_1_45' title='bbox 1928 1163 1932 1174; x_wconf 47' lang='lat'><strong>⁴</strong></span> 
     </span>
    </p>
   </div>
   <div class='ocr_carea' id='block_1_3' title="bbox 279 1305 1809 1908">
    <p class='ocr_par' dir='ltr' id='par_1_3' title="bbox 281 1305 1121 1412">
     <span class='ocr_line' id='line_1_6' title="bbox 281 1305 1121 1412; baseline -0.002 -26"><span class='ocrx_word' id='word_1_46' title='bbox 281 1312 468 1388; x_wconf 88' lang='lat' dir='ltr'>subacutis.</span> <span class='ocrx_word' id='word_1_47' title='bbox 482 1305 563 1404; x_wconf 75' lang='lat' dir='ltr'>(Cf.</span> <span class='ocrx_word' id='word_1_48' title='bbox 583 1311 652 1388; x_wconf 85' lang='lat' dir='ltr'>tab.</span> <span class='ocrx_word' id='word_1_49' title='bbox 670 1311 735 1384; x_wconf 84' lang='lat'>111.</span> <span class='ocrx_word' id='word_1_50' title='bbox 749 1313 796 1384; x_wconf 87' lang='lat' dir='ltr'>N.</span> <span class='ocrx_word' id='word_1_51' title='bbox 811 1311 870 1412; x_wconf 82' lang='lat' dir='ltr'>rig.</span> <span class='ocrx_word' id='word_1_52' title='bbox 888 1313 927 1402; x_wconf 88' lang='lat'>6,</span> <span class='ocrx_word' id='word_1_53' title='bbox 953 1333 970 1404; x_wconf 87' lang='lat'><strong>7</strong></span> <span class='ocrx_word' id='word_1_54' title='bbox 994 1326 1030 1383; x_wconf 87' lang='lat' dir='ltr'>et</span> <span class='ocrx_word' id='word_1_55' title='bbox 1055 1311 1079 1384; x_wconf 90' lang='lat'>8</span> <span class='ocrx_word' id='word_1_56' title='bbox 1091 1319 1121 1404; x_wconf 73' lang='lat' dir='ltr'>l·</span> 
     </span>
    </p>

    <p class='ocr_par' dir='ltr' id='par_1_4' title="bbox 279 1431 1809 1908">
     <span class='ocr_line' id='line_1_7' title="bbox 332 1431 1809 1537; baseline -0.002 -29"><span class='ocrx_word' id='word_1_57' title='bbox 332 1435 447 1510; x_wconf 84' lang='lat' dir='ltr'>Secu&#39;o</span> <span class='ocrx_word' id='word_1_58' title='bbox 464 1435 722 1537; x_wconf 82' lang='lat' dir='ltr'>Amblygonon</span> <span class='ocrx_word' id='word_1_59' title='bbox 739 1434 831 1534; x_wconf 80' lang='lat' dir='ltr'>stylo</span> <span class='ocrx_word' id='word_1_60' title='bbox 848 1433 978 1536; x_wconf 88' lang='lat' dir='ltr'>gaudet</span> <span class='ocrx_word' id='word_1_61' title='bbox 995 1434 1111 1521; x_wconf 81' lang='lat' dir='ltr'>brevi,</span> <span class='ocrx_word' id='word_1_62' title='bbox 1125 1433 1204 1509; x_wconf 87' lang='lat' dir='ltr'>basi</span> <span class='ocrx_word' id='word_1_63' title='bbox 1221 1431 1373 1534; x_wconf 76' lang='lat' dir='ltr'>simplici</span> <span class='ocrx_word' id='word_1_64' title='bbox 1390 1449 1423 1508; x_wconf 90' lang='lat' dir='ltr'>et</span> <span class='ocrx_word' id='word_1_65' title='bbox 1438 1433 1520 1507; x_wconf 88' lang='lat' dir='ltr'>satis</span> <span class='ocrx_word' id='word_1_66' title='bbox 1535 1431 1662 1523; x_wconf 78' lang='lat' dir='ltr'>ualido,</span> <span class='ocrx_word' id='word_1_67' title='bbox 1678 1431 1809 1506; x_wconf 84' lang='lat' dir='ltr'>deiude</span> 
     </span>
     <span class='ocr_line' id='line_1_8' title="bbox 279 1549 1807 1658; baseline -0.004 -22"><span class='ocrx_word' id='word_1_68' title='bbox 279 1559 479 1649; x_wconf 84' lang='lat' dir='ltr'>bifurcato,</span> <span class='ocrx_word' id='word_1_69' title='bbox 500 1559 673 1632; x_wconf 89' lang='lat' dir='ltr'>cornubus</span> <span class='ocrx_word' id='word_1_70' title='bbox 692 1559 818 1648; x_wconf 90' lang='lat' dir='ltr'>rectis,</span> <span class='ocrx_word' id='word_1_71' title='bbox 838 1557 1029 1647; x_wconf 85' lang='lat' dir='ltr'>brevibus,</span> <span class='ocrx_word' id='word_1_72' title='bbox 1047 1557 1190 1658; x_wconf 89' lang='lat' dir='ltr'>oblique</span> <span class='ocrx_word' id='word_1_73' title='bbox 1207 1549 1490 1658; x_wconf 74' lang='lat' dir='ltr'>ilivergeatibus,</span> <span class='ocrx_word' id='word_1_74' title='bbox 1508 1557 1634 1658; x_wconf 89' lang='lat' dir='ltr'>quibus</span> <span class='ocrx_word' id='word_1_75' title='bbox 1646 1556 1807 1657; x_wconf 86' lang='lat' dir='ltr'>stigmata</span> 
     </span>
     <span class='ocr_line' id='line_1_9' title="bbox 280 1678 1807 1784; baseline -0.004 -26"><span class='ocrx_word' id='word_1_76' title='bbox 280 1683 433 1758; x_wconf 87' lang='lat' dir='ltr'>insident</span> <span class='ocrx_word' id='word_1_77' title='bbox 457 1684 625 1784; x_wconf 89' lang='lat' dir='ltr'>capitata,</span> <span class='ocrx_word' id='word_1_78' title='bbox 642 1683 735 1784; x_wconf 86' lang='lat' dir='ltr'>stylo</span> <span class='ocrx_word' id='word_1_79' title='bbox 760 1682 869 1783; x_wconf 87' lang='lat' dir='ltr'>duplo</span> <span class='ocrx_word' id='word_1_80' title='bbox 899 1681 1089 1770; x_wconf 76' lang='lat' dir='ltr'>crassiora,</span> <span class='ocrx_word' id='word_1_81' title='bbox 1114 1682 1249 1782; x_wconf 78' lang='lat' dir='ltr'>pileum</span> <span class='ocrx_word' id='word_1_82' title='bbox 1276 1681 1485 1772; x_wconf 80' lang='lat' dir='ltr'>referentia,</span> <span class='ocrx_word' id='word_1_83' title='bbox 1510 1681 1601 1756; x_wconf 86' lang='lat' dir='ltr'>lacie</span> <span class='ocrx_word' id='word_1_84' title='bbox 1627 1678 1807 1781; x_wconf 77' lang='lat' dir='ltr'>superiore</span> 
     </span>
     <span class='ocr_line' id='line_1_10' title="bbox 280 1805 1807 1908; baseline -0.003 -26"><span class='ocrx_word' id='word_1_85' title='bbox 280 1833 459 1899; x_wconf 81' lang='lat' dir='ltr'>convexa,</span> <span class='ocrx_word' id='word_1_86' title='bbox 484 1806 754 1898; x_wconf 79' lang='lat' dir='ltr'>inferiore,·cui</span> <span class='ocrx_word' id='word_1_87' title='bbox 777 1807 860 1908; x_wconf 83' lang='lat' dir='ltr'>styli</span> <span class='ocrx_word' id='word_1_88' title='bbox 883 1831 992 1882; x_wconf 88' lang='lat' dir='ltr'>cornu</span> <span class='ocrx_word' id='word_1_89' title='bbox 1021 1831 1059 1883; x_wconf 89' lang='lat' dir='ltr'>se</span> <span class='ocrx_word' id='word_1_90' title='bbox 1084 1805 1254 1894; x_wconf 88' lang='lat' dir='ltr'>immittit,</span> <span class='ocrx_word' id='word_1_91' title='bbox 1277 1826 1454 1881; x_wconf 74' lang='lat' dir='ltr'>excavata.</span> <span class='ocrx_word' id='word_1_92' title='bbox 1479 1805 1561 1900; x_wconf 82' lang='lat' dir='ltr'><strong>(Cf.</strong></span> <span class='ocrx_word' id='word_1_93' title='bbox 1590 1805 1658 1882; x_wconf 88' lang='lat' dir='ltr'>rab.</span> <span class='ocrx_word' id='word_1_94' title='bbox 1682 1805 1807 1878; x_wconf 85' lang='lat' dir='ltr'>lll.l(.</span> 
     </span>
    </p>
   </div>
   <div class='ocr_carea' id='block_1_4' title="bbox 283 1927 1942 2038">
    <p class='ocr_par' dir='ltr' id='par_1_5' title="bbox 283 1927 1942 2038">
     <span class='ocr_line' id='line_1_11' title="bbox 283 1927 1942 2038; baseline -0.002 -32"><span class='ocrx_word' id='word_1_95' title='bbox 283 1933 343 2032; x_wconf 81' lang='lat' dir='ltr'>rig.</span> <span class='ocrx_word' id='word_1_96' title='bbox 380 1939 432 2028; x_wconf 86' lang='lat'>7.)</span> <span class='ocrx_word' id='word_1_97' title='bbox 474 1933 615 2009; x_wconf 84' lang='lat' dir='ltr'>Cornua</span> <span class='ocrx_word' id='word_1_98' title='bbox 649 1933 762 2035; x_wconf 87' lang='lat' dir='ltr'>styli,</span> <span class='ocrx_word' id='word_1_99' title='bbox 803 1931 940 2008; x_wconf 78' lang='lat' dir='ltr'>arbenii</span> <span class='ocrx_word' id='word_1_100' title='bbox 979 1931 1113 2032; x_wconf 87' lang='lat' dir='ltr'>angulis</span> <span class='ocrx_word' id='word_1_101' title='bbox 1147 1931 1338 2031; x_wconf 84' lang='lat' dir='ltr'>opposita,</span> <span class='ocrx_word' id='word_1_102' title='bbox 1366 1949 1457 2038; x_wconf 60' lang='lat' dir='ltr'>apost</span> <span class='ocrx_word' id='word_1_103' title='bbox 1495 1927 1806 2004; x_wconf 77' lang='lat' dir='ltr'>foecundatiouem</span> <span class='ocrx_word' id='word_1_104' title='bbox 1909 1941 1942 2000; x_wconf 85' lang='lat'>.&#39;</span> 
     </span>
    </p>
   </div>
   <div class='ocr_carea' id='block_1_5' title="bbox 178 2053 1809 4398">
    <p class='ocr_par' dir='ltr' id='par_1_6' title="bbox 284 2053 1754 2155">
     <span class='ocr_line' id='line_1_12' title="bbox 284 2053 1754 2155; baseline -0.001 -27"><span class='ocrx_word' id='word_1_105' title='bbox 284 2053 467 2147; x_wconf 86' lang='lat' dir='ltr'>defluunt,</span> <span class='ocrx_word' id='word_1_106' title='bbox 492 2056 576 2130; x_wconf 91' lang='lat' dir='ltr'>dum</span> <span class='ocrx_word' id='word_1_107' title='bbox 588 2056 697 2155; x_wconf 83' lang='lat' dir='ltr'>stylus</span> <span class='ocrx_word' id='word_1_108' title='bbox 715 2056 925 2148; x_wconf 88' lang='lat' dir='ltr'>communis,</span> <span class='ocrx_word' id='word_1_109' title='bbox 942 2054 1128 2130; x_wconf 78' lang='lat' dir='ltr'>acherium</span> <span class='ocrx_word' id='word_1_110' title='bbox 1146 2073 1388 2130; x_wconf 87' lang='lat' dir='ltr'>mucronatum</span> <span class='ocrx_word' id='word_1_111' title='bbox 1407 2053 1571 2142; x_wconf 86' lang='lat' dir='ltr'>efficiens,</span> <span class='ocrx_word' id='word_1_112' title='bbox 1589 2075 1754 2130; x_wconf 87' lang='lat' dir='ltr'>remanet.</span> 
     </span>
    </p>

    <p class='ocr_par' dir='ltr' id='par_1_7' title="bbox 178 2163 1809 3031">
     <span class='ocr_line' id='line_1_13' title="bbox 303 2163 1805 2280; baseline 0.003 -29"><span class='ocrx_word' id='word_1_113' title='bbox 303 2177 308 2184; x_wconf 82' lang='grc'><strong>’</strong></span> <span class='ocrx_word' id='word_1_114' title='bbox 331 2179 491 2280; x_wconf 84' lang='lat' dir='ltr'>Reliquae</span> <span class='ocrx_word' id='word_1_115' title='bbox 521 2179 712 2265; x_wconf 77' lang='lat' dir='ltr'>sectiones,</span> <span class='ocrx_word' id='word_1_116' title='bbox 750 2163 904 2255; x_wconf 78' lang='lat' dir='ltr'>acheniis</span> <span class='ocrx_word' id='word_1_117' title='bbox 926 2173 1099 2278; x_wconf 85' lang='lat' dir='ltr'>triquetris</span> <span class='ocrx_word' id='word_1_118' title='bbox 1117 2177 1301 2278; x_wconf 82' lang='lat' dir='ltr'>praediroe,</span> <span class='ocrx_word' id='word_1_119' title='bbox 1326 2179 1561 2268; x_wconf 66' lang='lat' dir='ltr'>Aulularia,</span> <span class='ocrx_word' id='word_1_120' title='bbox 1578 2179 1741 2254; x_wconf 80' lang='lat' dir='ltr'>Tr&#39;ur’orio</span> <span class='ocrx_word' id='word_1_121' title='bbox 1764 2199 1805 2256; x_wconf 87' lang='lat' dir='ltr'>¹et</span> 
     </span>
     <span class='ocr_line' id='line_1_14' title="bbox 281 2297 1805 2404; baseline 0.003 -30"><span class='ocrx_word' id='word_1_122' title='bbox 281 2303 504 2400; x_wconf 82' lang='lat' dir='ltr'>(maximam</span> <span class='ocrx_word' id='word_1_123' title='bbox 524 2303 646 2378; x_wconf 86' lang='lat' dir='ltr'>saltem</span> <span class='ocrx_word' id='word_1_124' title='bbox 669 2303 715 2377; x_wconf 91' lang='lat' dir='ltr'>ad</span> <span class='ocrx_word' id='word_1_125' title='bbox 745 2305 910 2404; x_wconf 85' lang='lat' dir='ltr'>partem)</span> <span class='ocrx_word' id='word_1_126' title='bbox 938 2303 1202 2401; x_wconf 83' lang='lat' dir='ltr'>Acouogonon,</span> <span class='ocrx_word' id='word_1_127' title='bbox 1231 2301 1324 2402; x_wconf 81' lang='lat' dir='ltr'>stylo</span> <span class='ocrx_word' id='word_1_128' title='bbox 1343 2300 1517 2378; x_wconf 84' lang='lat' dir='ltr'>distinctoe</span> <span class='ocrx_word' id='word_1_129' title='bbox 1537 2323 1617 2378; x_wconf 91' lang='lat' dir='ltr'>sunt</span> <span class='ocrx_word' id='word_1_130' title='bbox 1633 2297 1743 2394; x_wconf 85' lang='lat' dir='ltr'>brevi,</span> <span class='ocrx_word' id='word_1_131' title='bbox 1761 2303 1805 2381; x_wconf 84' lang='lat' dir='ltr'>ad</span> 
     </span>
     <span class='ocr_line' id='line_1_15' title="bbox 207 2424 1806 2528; baseline 0.002 -28"><span class='ocrx_word' id='word_1_132' title='bbox 207 2467 214 2479; x_wconf 94' lang='lat'><strong>·</strong></span> <span class='ocrx_word' id='word_1_133' title='bbox 281 2427 380 2502; x_wconf 90' lang='lat' dir='ltr'>basin</span> <span class='ocrx_word' id='word_1_134' title='bbox 403 2425 477 2501; x_wconf 85' lang='lat' dir='ltr'>lere</span> <span class='ocrx_word' id='word_1_135' title='bbox 501 2451 608 2528; x_wconf 86' lang='lat' dir='ltr'>usque</span> <span class='ocrx_word' id='word_1_136' title='bbox 626 2427 817 2526; x_wconf 83' lang='lat' dir='ltr'>tripartito,</span> <span class='ocrx_word' id='word_1_137' title='bbox 843 2425 1018 2503; x_wconf 90' lang='lat' dir='ltr'>cornubus</span> <span class='ocrx_word' id='word_1_138' title='bbox 1036 2425 1179 2526; x_wconf 89' lang='lat' dir='ltr'>oblique</span> <span class='ocrx_word' id='word_1_139' title='bbox 1197 2424 1679 2527; x_wconf 72' lang='lat' dir='ltr'>dit‘ergentibor.angulisque</span> <span class='ocrx_word' id='word_1_140' title='bbox 1699 2427 1806 2504; x_wconf 85' lang='lat' dir='ltr'>aelre-</span> 
     </span>
     <span class='ocr_line' id='line_1_16' title="bbox 281 2539 1806 2651; baseline 0.001 -28"><span class='ocrx_word' id='word_1_141' title='bbox 281 2539 335 2624; x_wconf 87' lang='lat' dir='ltr'>nii</span> <span class='ocrx_word' id='word_1_142' title='bbox 351 2551 545 2651; x_wconf 85' lang='lat' dir='ltr'>oppositis,</span> <span class='ocrx_word' id='word_1_143' title='bbox 564 2570 599 2624; x_wconf 86' lang='lat' dir='ltr'>et</span> <span class='ocrx_word' id='word_1_144' title='bbox 616 2550 834 2651; x_wconf 66' lang='lat' dir='ltr'>stigmatibus</span> <span class='ocrx_word' id='word_1_145' title='bbox 857 2547 1326 2650; x_wconf 59' lang='lat' dir='ltr'>capitato-hemisphaerica,</span> <span class='ocrx_word' id='word_1_146' title='bbox 1344 2545 1549 2650; x_wconf 87' lang='lat' dir='ltr'>plerumque</span> <span class='ocrx_word' id='word_1_147' title='bbox 1563 2550 1806 2626; x_wconf 76' lang='lat' dir='ltr'>fluvitantibus</span> 
     </span>
     <span class='ocr_line' id='line_1_17' title="bbox 178 2659 1804 2776; baseline 0.002 -29"><span class='ocrx_word' id='word_1_148' title='bbox 178 2723 182 2730; x_wconf 91' lang='lat'><em>-</em></span> <span class='ocrx_word' id='word_1_149' title='bbox 281 2672 740 2750; x_wconf 77' lang='lat' dir='ltr'>verrucosa-scabriusculis.</span> <span class='ocrx_word' id='word_1_150' title='bbox 763 2672 848 2768; x_wconf 81' lang='lat' dir='ltr'><strong>(Cf.</strong></span> <span class='ocrx_word' id='word_1_151' title='bbox 867 2659 940 2748; x_wconf 74' lang='lat' dir='ltr'>uu</span> <span class='ocrx_word' id='word_1_152' title='bbox 962 2675 1028 2748; x_wconf 75' lang='lat' dir='ltr'>tv:</span> <span class='ocrx_word' id='word_1_153' title='bbox 1046 2675 1093 2747; x_wconf 90' lang='lat'>0.</span> <span class='ocrx_word' id='word_1_154' title='bbox 1118 2661 1178 2774; x_wconf 88' lang='lat' dir='ltr'>llg.</span> <span class='ocrx_word' id='word_1_155' title='bbox 1200 2701 1213 2748; x_wconf 89' lang='lat' dir='ltr'>r</span> <span class='ocrx_word' id='word_1_156' title='bbox 1236 2694 1271 2749; x_wconf 89' lang='lat' dir='ltr'>et</span> <span class='ocrx_word' id='word_1_157' title='bbox 1288 2678 1338 2763; x_wconf 67' lang='grc' dir='ltr'>ὃς</span> <span class='ocrx_word' id='word_1_158' title='bbox 1357 2676 1396 2747; x_wconf 76' lang='grc' dir='ltr'>Ρ.</span> <span class='ocrx_word' id='word_1_159' title='bbox 1414 2675 1472 2776; x_wconf 84' lang='lat' dir='ltr'>fig.</span> <span class='ocrx_word' id='word_1_160' title='bbox 1488 2701 1522 2764; x_wconf 82' lang='lat'>2,</span> <span class='ocrx_word' id='word_1_161' title='bbox 1552 2699 1589 2746; x_wconf 86' lang='lat' dir='ltr'>rr</span> <span class='ocrx_word' id='word_1_162' title='bbox 1612 2693 1645 2750; x_wconf 90' lang='lat' dir='ltr'>et</span> <span class='ocrx_word' id='word_1_163' title='bbox 1670 2701 1736 2764; x_wconf 78' lang='lat'>¹23</span> <span class='ocrx_word' id='word_1_164' title='bbox 1768 2695 1804 2754; x_wconf 87' lang='lat' dir='ltr'>et</span> 
     </span>
     <span class='ocr_line' id='line_1_18' title="bbox 286 2787 1809 2900; baseline 0.003 -30"><span class='ocrx_word' id='word_1_165' title='bbox 286 2796 357 2870; x_wconf 87' lang='lat' dir='ltr'>tab.</span> <span class='ocrx_word' id='word_1_166' title='bbox 375 2797 439 2870; x_wconf 93' lang='lat' dir='ltr'>lll.</span> <span class='ocrx_word' id='word_1_167' title='bbox 459 2799 517 2896; x_wconf 86' lang='lat' dir='ltr'>fig.</span> <span class='ocrx_word' id='word_1_168' title='bbox 538 2820 568 2886; x_wconf 89' lang='grc' dir='ltr'>ι,</span> <span class='ocrx_word' id='word_1_169' title='bbox 584 2787 618 2888; x_wconf 82' lang='lat'>3,</span> <span class='ocrx_word' id='word_1_170' title='bbox 635 2799 659 2872; x_wconf 88' lang='grc'><strong>8</strong></span> <span class='ocrx_word' id='word_1_171' title='bbox 676 2794 764 2888; x_wconf 84' lang='lat' dir='ltr'>et&#39;9.</span> <span class='ocrx_word' id='word_1_172' title='bbox 777 2799 795 2892; x_wconf 89' lang='lat'><em>)</em></span> <span class='ocrx_word' id='word_1_173' title='bbox 807 2796 906 2871; x_wconf 87' lang='lat' dir='ltr'>Talia</span> <span class='ocrx_word' id='word_1_174' title='bbox 921 2821 1061 2897; x_wconf 87' lang='lat' dir='ltr'>quoque</span> <span class='ocrx_word' id='word_1_175' title='bbox 1079 2815 1161 2872; x_wconf 89' lang='lat' dir='ltr'>sunt</span> <span class='ocrx_word' id='word_1_176' title='bbox 1177 2797 1447 2898; x_wconf 72' lang='lat' dir='ltr'>Arraphoaer&#39;um</span> <span class='ocrx_word' id='word_1_177' title='bbox 1465 2795 1547 2899; x_wconf 80' lang='lat' dir='ltr'>styli</span> <span class='ocrx_word' id='word_1_178' title='bbox 1564 2793 1809 2900; x_wconf 84' lang='lat' dir='ltr'>stigmatrque.</span> 
     </span>
     <span class='ocr_line' id='line_1_19' title="bbox 284 2919 1188 3031; baseline -0.004 -38"><span class='ocrx_word' id='word_1_179' title='bbox 284 2919 367 3016; x_wconf 85' lang='lat' dir='ltr'><strong>(cf.</strong></span> <span class='ocrx_word' id='word_1_180' title='bbox 386 2921 454 2996; x_wconf 81' lang='lat' dir='ltr'>tab.</span> <span class='ocrx_word' id='word_1_181' title='bbox 474 2923 519 2993; x_wconf 87' lang='lat' dir='ltr'>ll.</span> <span class='ocrx_word' id='word_1_182' title='bbox 546 2922 587 2993; x_wconf 79' lang='lat' dir='ltr'>F.</span> <span class='ocrx_word' id='word_1_183' title='bbox 606 2921 665 3021; x_wconf 82' lang='lat' dir='ltr'>fig.</span> <span class='ocrx_word' id='word_1_184' title='bbox 687 2947 716 3009; x_wconf 87' lang='lat' dir='ltr'>r,</span> <span class='ocrx_word' id='word_1_185' title='bbox 736 2922 771 3006; x_wconf 83' lang='lat'>3,</span> <span class='ocrx_word' id='word_1_186' title='bbox 799 2923 876 2996; x_wconf 78' lang='lat' dir='ltr'>set</span> <span class='ocrx_word' id='word_1_187' title='bbox 895 2922 977 3017; x_wconf 90' lang='lat' dir='ltr'>ro).</span> <span class='ocrx_word' id='word_1_188' title='bbox 1179 3011 1188 3031; x_wconf 27' lang='lat' dir='ltr'>x</span> 
     </span>
    </p>

    <p class='ocr_par' dir='ltr' id='par_1_8' title="bbox 279 3021 1807 4014">
     <span class='ocr_line' id='line_1_20' title="bbox 332 3021 1804 3149; baseline 0.005 -33"><span class='ocrx_word' id='word_1_189' title='bbox 332 3041 496 3116; x_wconf 75' lang='lat' dir='ltr'>Ova&#39;rr&#39;um</span> <span class='ocrx_word' id='word_1_190' title='bbox 513 3044 792 3144; x_wconf 84' lang='lat' dir='ltr'>Polygonearum</span> <span class='ocrx_word' id='word_1_191' title='bbox 810 3021 1013 3145; x_wconf 88' lang='lat' dir='ltr'>plerumque</span> <span class='ocrx_word' id='word_1_192' title='bbox 1034 3062 1087 3118; x_wconf 90' lang='lat' dir='ltr'>est</span> <span class='ocrx_word' id='word_1_193' title='bbox 1108 3043 1312 3146; x_wconf 87' lang='lat' dir='ltr'>trigonam,</span> <span class='ocrx_word' id='word_1_194' title='bbox 1332 3043 1368 3118; x_wconf 93' lang='lat' dir='ltr'>in</span> <span class='ocrx_word' id='word_1_195' title='bbox 1386 3043 1522 3119; x_wconf 89' lang='lat' dir='ltr'>minore</span> <span class='ocrx_word' id='word_1_196' title='bbox 1540 3048 1804 3149; x_wconf 69' lang='lat' dir='ltr'>polygonatum</span> 
     </span>
     <span class='ocr_line' id='line_1_21' title="bbox 281 3167 1807 3267; baseline 0.003 -25"><span class='ocrx_word' id='word_1_197' title='bbox 281 3192 428 3242; x_wconf 91' lang='lat' dir='ltr'>numero</span> <span class='ocrx_word' id='word_1_198' title='bbox 458 3167 645 3267; x_wconf 89' lang='lat' dir='ltr'>digonum‚</span> <span class='ocrx_word' id='word_1_199' title='bbox 675 3187 754 3244; x_wconf 87' lang='lat' dir='ltr'>ante</span> <span class='ocrx_word' id='word_1_200' title='bbox 785 3167 1096 3243; x_wconf 77' lang='lat' dir='ltr'>foecundationem</span> <span class='ocrx_word' id='word_1_201' title='bbox 1113 3169 1248 3260; x_wconf 85' lang='lat' dir='ltr'>viride,</span> <span class='ocrx_word' id='word_1_202' title='bbox 1268 3189 1447 3260; x_wconf 87' lang='lat' dir='ltr'>tenerum,</span> <span class='ocrx_word' id='word_1_203' title='bbox 1478 3173 1807 3266; x_wconf 73' lang='lat' dir='ltr'>membranaceum,</span> 
     </span>
     <span class='ocr_line' id='line_1_22' title="bbox 279 3269 1805 3398; baseline 0.004 -33"><span class='ocrx_word' id='word_1_204' title='bbox 279 3269 402 3393; x_wconf 81' lang='lat' dir='ltr'>postea</span> <span class='ocrx_word' id='word_1_205' title='bbox 436 3291 683 3384; x_wconf 88' lang='lat' dir='ltr'>indurescens,</span> <span class='ocrx_word' id='word_1_206' title='bbox 717 3311 957 3393; x_wconf 88' lang='lat' dir='ltr'>maturumque</span> <span class='ocrx_word' id='word_1_207' title='bbox 993 3312 1208 3370; x_wconf 83' lang='lat' dir='ltr'>crustaceum</span> <span class='ocrx_word' id='word_1_208' title='bbox 1224 3349 1241 3380; x_wconf 79' lang='lat'>,</span> <span class='ocrx_word' id='word_1_209' title='bbox 1269 3293 1423 3386; x_wconf 88' lang='lat' dir='ltr'>durum,</span> <span class='ocrx_word' id='word_1_210' title='bbox 1460 3321 1597 3396; x_wconf 88' lang='lat' dir='ltr'>semper</span> <span class='ocrx_word' id='word_1_211' title='bbox 1627 3298 1805 3398; x_wconf 82' lang='lat' dir='ltr'>glabrum,</span> 
     </span>
     <span class='ocr_line' id='line_1_23' title="bbox 281 3401 1807 3522; baseline 0.005 -34"><span class='ocrx_word' id='word_1_212' title='bbox 281 3401 393 3490; x_wconf 84' lang='lat' dir='ltr'>lurido</span> <span class='ocrx_word' id='word_1_213' title='bbox 431 3415 559 3516; x_wconf 87' lang='lat' dir='ltr'>calycis</span> <span class='ocrx_word' id='word_1_214' title='bbox 588 3417 804 3516; x_wconf 90' lang='lat' dir='ltr'>persistentis</span> <span class='ocrx_word' id='word_1_215' title='bbox 842 3415 1072 3491; x_wconf 88' lang='lat' dir='ltr'>immediatim</span> <span class='ocrx_word' id='word_1_216' title='bbox 1108 3417 1277 3493; x_wconf 80' lang='lat' dir='ltr'>insertum</span> <span class='ocrx_word' id='word_1_217' title='bbox 1315 3423 1465 3522; x_wconf 82' lang='lat' dir='ltr'>ejusque</span> <span class='ocrx_word' id='word_1_218' title='bbox 1505 3411 1640 3497; x_wconf 86' lang='lat' dir='ltr'>laciniis</span> <span class='ocrx_word' id='word_1_219' title='bbox 1680 3421 1807 3522; x_wconf 78' lang='lat' dir='ltr'>saepius</span> 
     </span>
     <span class='ocr_line' id='line_1_24' title="bbox 283 3539 1805 3646; baseline 0.003 -33"><span class='ocrx_word' id='word_1_220' title='bbox 283 3541 429 3613; x_wconf 89' lang='lat' dir='ltr'>omuino</span> <span class='ocrx_word' id='word_1_221' title='bbox 450 3539 655 3614; x_wconf 88' lang='lat' dir='ltr'>involutum.</span> <span class='ocrx_word' id='word_1_222' title='bbox 682 3543 723 3614; x_wconf 91' lang='lat' dir='ltr'>ln</span> <span class='ocrx_word' id='word_1_223' title='bbox 753 3540 981 3630; x_wconf 82' lang='lat' dir='ltr'>llumr&#39;ct‘bus,</span> <span class='ocrx_word' id='word_1_224' title='bbox 1012 3559 1051 3615; x_wconf 90' lang='lat' dir='ltr'>ut</span> <span class='ocrx_word' id='word_1_225' title='bbox 1078 3542 1374 3642; x_wconf 87' lang='lat' dir='ltr'>supradiximus,</span> <span class='ocrx_word' id='word_1_226' title='bbox 1399 3545 1517 3646; x_wconf 87' lang='lat' dir='ltr'>sepala</span> <span class='ocrx_word' id='word_1_227' title='bbox 1540 3545 1603 3620; x_wconf 86' lang='lat' dir='ltr'>tria</span> <span class='ocrx_word' id='word_1_228' title='bbox 1631 3545 1805 3634; x_wconf 89' lang='lat' dir='ltr'>interiora,</span> 
     </span>
     <span class='ocr_line' id='line_1_25' title="bbox 286 3659 1807 3772; baseline 0.005 -35"><span class='ocrx_word' id='word_1_229' title='bbox 286 3662 421 3737; x_wconf 88' lang='lat' dir='ltr'>acheuii</span> <span class='ocrx_word' id='word_1_230' title='bbox 444 3663 596 3739; x_wconf 81' lang='lat' dir='ltr'>faciebus</span> <span class='ocrx_word' id='word_1_231' title='bbox 617 3665 777 3765; x_wconf 89' lang='lat' dir='ltr'>adpressa</span> <span class='ocrx_word' id='word_1_232' title='bbox 797 3665 932 3766; x_wconf 87' lang='lat' dir='ltr'>sibique</span> <span class='ocrx_word' id='word_1_233' title='bbox 961 3665 1114 3741; x_wconf 84' lang='lat' dir='ltr'>invicem</span> <span class='ocrx_word' id='word_1_234' title='bbox 1138 3668 1358 3770; x_wconf 80' lang='lat' dir='ltr'>marginibus</span> <span class='ocrx_word' id='word_1_235' title='bbox 1382 3672 1572 3772; x_wconf 89' lang='lat' dir='ltr'>applicata,</span> <span class='ocrx_word' id='word_1_236' title='bbox 1598 3670 1696 3772; x_wconf 90' lang='lat' dir='ltr'>quasi</span> <span class='ocrx_word' id='word_1_237' title='bbox 1719 3659 1807 3744; x_wconf 85' lang='lat' dir='ltr'>iute-</span> 
     </span>
     <span class='ocr_line' id='line_1_26' title="bbox 285 3786 1807 3895; baseline 0.007 -38"><span class='ocrx_word' id='word_1_238' title='bbox 285 3788 441 3886; x_wconf 89' lang='lat' dir='ltr'>gumenti</span> <span class='ocrx_word' id='word_1_239' title='bbox 460 3786 593 3862; x_wconf 83' lang='lat' dir='ltr'>externi</span> <span class='ocrx_word' id='word_1_240' title='bbox 610 3807 723 3888; x_wconf 88' lang='lat' dir='ltr'>partes</span> <span class='ocrx_word' id='word_1_241' title='bbox 741 3807 859 3890; x_wconf 88' lang='lat' dir='ltr'>agunt.</span> <span class='ocrx_word' id='word_1_242' title='bbox 879 3791 1010 3877; x_wconf 81' lang='lat' dir='ltr'>Liceat,</span> <span class='ocrx_word' id='word_1_243' title='bbox 1033 3789 1305 3891; x_wconf 82' lang='lat' dir='ltr'>descriptionem</span> <span class='ocrx_word' id='word_1_244' title='bbox 1326 3791 1464 3868; x_wconf 89' lang='lat' dir='ltr'>achenii</span> <span class='ocrx_word' id='word_1_245' title='bbox 1483 3793 1590 3895; x_wconf 82' lang='lat' dir='ltr'>ipsius</span> <span class='ocrx_word' id='word_1_246' title='bbox 1607 3793 1807 3884; x_wconf 72' lang='lat' dir='ltr'>Eretricum,</span> 
     </span>
     <span class='ocr_line' id='line_1_27' title="bbox 286 3910 1336 4014; baseline 0.007 -32"><span class='ocrx_word' id='word_1_247' title='bbox 286 3935 365 3982; x_wconf 88' lang='lat' dir='ltr'>curn</span> <span class='ocrx_word' id='word_1_248' title='bbox 384 3910 505 3986; x_wconf 93' lang='lat' dir='ltr'>abillo</span> <span class='ocrx_word' id='word_1_249' title='bbox 525 3911 785 4012; x_wconf 82' lang='lat' dir='ltr'>Polygonorum</span> <span class='ocrx_word' id='word_1_250' title='bbox 802 3939 873 3986; x_wconf 90' lang='lat' dir='ltr'>non</span> <span class='ocrx_word' id='word_1_251' title='bbox 892 3913 1053 3997; x_wconf 82' lang='lat' dir='ltr'>differat,</span> <span class='ocrx_word' id='word_1_252' title='bbox 1073 3913 1130 3986; x_wconf 89' lang='lat' dir='ltr'>hic</span> <span class='ocrx_word' id='word_1_253' title='bbox 1147 3917 1336 4014; x_wconf 75' lang='lat' dir='ltr'>praeterire.</span> 
     </span>
    </p>

    <p class='ocr_par' dir='ltr' id='par_1_9' title="bbox 286 4029 1808 4398">
     <span class='ocr_line' id='line_1_28' title="bbox 335 4029 1805 4143; baseline 0.008 -40"><span class='ocrx_word' id='word_1_254' title='bbox 335 4029 512 4105; x_wconf 81' lang='lat' dir='ltr'>Ilkeorum</span> <span class='ocrx_word' id='word_1_255' title='bbox 536 4031 667 4108; x_wconf 81' lang='lat' dir='ltr'>fructus</span> <span class='ocrx_word' id='word_1_256' title='bbox 686 4034 860 4134; x_wconf 86' lang='lat' dir='ltr'>caryopsis</span> <span class='ocrx_word' id='word_1_257' title='bbox 888 4036 1002 4138; x_wconf 91' lang='lat' dir='ltr'>potius</span> <span class='ocrx_word' id='word_1_258' title='bbox 1032 4057 1085 4110; x_wconf 90' lang='lat' dir='ltr'>est</span> <span class='ocrx_word' id='word_1_259' title='bbox 1110 4064 1213 4138; x_wconf 87' lang='lat' dir='ltr'>quam</span> <span class='ocrx_word' id='word_1_260' title='bbox 1238 4040 1448 4130; x_wconf 71' lang='lat' dir='ltr'>athenium,</span> <span class='ocrx_word' id='word_1_261' title='bbox 1466 4044 1547 4140; x_wconf 84' lang='lat' dir='ltr'>quia</span> <span class='ocrx_word' id='word_1_262' title='bbox 1573 4041 1805 4143; x_wconf 84' lang='lat' dir='ltr'>pericarpium</span> 
     </span>
     <span class='ocr_line' id='line_1_29' title="bbox 287 4155 1808 4267; baseline 0.008 -41"><span class='ocrx_word' id='word_1_263' title='bbox 287 4177 366 4227; x_wconf 85' lang='lat' dir='ltr'>cum</span> <span class='ocrx_word' id='word_1_264' title='bbox 380 4155 521 4229; x_wconf 86' lang='lat' dir='ltr'>seminis</span> <span class='ocrx_word' id='word_1_265' title='bbox 536 4160 735 4234; x_wconf 87' lang='lat' dir='ltr'>membrana</span> <span class='ocrx_word' id='word_1_266' title='bbox 753 4159 893 4261; x_wconf 88' lang='lat' dir='ltr'>propria</span> <span class='ocrx_word' id='word_1_267' title='bbox 912 4159 1004 4236; x_wconf 88' lang='lat' dir='ltr'>adeo</span> <span class='ocrx_word' id='word_1_268' title='bbox 1021 4159 1190 4250; x_wconf 77' lang='lat' dir='ltr'>cohaeret,</span> <span class='ocrx_word' id='word_1_269' title='bbox 1206 4181 1245 4238; x_wconf 90' lang='lat' dir='ltr'>ut</span> <span class='ocrx_word' id='word_1_270' title='bbox 1275 4189 1383 4243; x_wconf 87' lang='lat' dir='ltr'>nuum</span> <span class='ocrx_word' id='word_1_271' title='bbox 1402 4166 1511 4241; x_wconf 89' lang='lat' dir='ltr'>modo</span> <span class='ocrx_word' id='word_1_272' title='bbox 1529 4166 1808 4267; x_wconf 86' lang='lat' dir='ltr'>integumentum</span> 
     </span>
     <span class='ocr_line' id='line_1_30' title="bbox 286 4276 1808 4398; baseline 0.009 -47"><span class='ocrx_word' id='word_1_273' title='bbox 286 4276 402 4353; x_wconf 81' lang='lat' dir='ltr'>lacere</span> <span class='ocrx_word' id='word_1_274' title='bbox 426 4277 594 4398; x_wconf 71' lang='lat' dir='ltr'>videatur.</span> <span class='ocrx_word' id='word_1_275' title='bbox 621 4282 808 4382; x_wconf 87' lang='lat' dir='ltr'>Caryopsis</span> <span class='ocrx_word' id='word_1_276' title='bbox 844 4281 902 4357; x_wconf 90' lang='lat' dir='ltr'>hic</span> <span class='ocrx_word' id='word_1_277' title='bbox 924 4308 1062 4386; x_wconf 90' lang='lat' dir='ltr'>semper</span> <span class='ocrx_word' id='word_1_278' title='bbox 1088 4286 1265 4386; x_wconf 69' lang='lat' dir='ltr'>trigona(</span> <span class='ocrx_word' id='word_1_279' title='bbox 1282 4287 1456 4366; x_wconf 87' lang='lat' dir='ltr'>interdum</span> <span class='ocrx_word' id='word_1_280' title='bbox 1479 4289 1570 4365; x_wconf 89' lang='lat' dir='ltr'>sorte</span> <span class='ocrx_word' id='word_1_281' title='bbox 1595 4292 1808 4394; x_wconf 87' lang='lat' dir='ltr'>tetragona)</span> 
     </span>
    </p>
   </div>
   <div class='ocr_carea' id='block_1_6' title="bbox 330 4575 1370 5001">
    <p class='ocr_par' dir='ltr' id='par_1_10' title="bbox 330 4575 1370 4789">
     <span class='ocr_line' id='line_1_31' title="bbox 331 4575 1370 4683; baseline 0.014 -33"><span class='ocrx_word' id='word_1_282' title='bbox 331 4591 380 4667; x_wconf 81' lang='grc' dir='ltr'>(ι)</span> <span class='ocrx_word' id='word_1_283' title='bbox 399 4587 445 4650; x_wconf 88' lang='lat' dir='ltr'>cr.</span> <span class='ocrx_word' id='word_1_284' title='bbox 466 4585 547 4650; x_wconf 70' lang='lat' dir='ltr'>rriu.</span> <span class='ocrx_word' id='word_1_285' title='bbox 563 4589 622 4665; x_wconf 86' lang='lat' dir='ltr'>nr,</span> <span class='ocrx_word' id='word_1_286' title='bbox 645 4592 682 4650; x_wconf 83' lang='grc' dir='ltr'>ι.</span> <span class='ocrx_word' id='word_1_287' title='bbox 699 4589 749 4672; x_wconf 66' lang='lat' dir='ltr'>ag.</span> <span class='ocrx_word' id='word_1_288' title='bbox 765 4614 785 4655; x_wconf 59' lang='grc' dir='ltr'>ι</span> <span class='ocrx_word' id='word_1_289' title='bbox 802 4637 811 4668; x_wconf 93' lang='grc'><strong>,</strong></span> <span class='ocrx_word' id='word_1_290' title='bbox 828 4618 870 4678; x_wconf 75' lang='lat'>9,</span> <span class='ocrx_word' id='word_1_291' title='bbox 893 4615 928 4656; x_wconf 88' lang='lat' dir='ltr'>to</span> <span class='ocrx_word' id='word_1_292' title='bbox 948 4609 976 4656; x_wconf 75' lang='lat' dir='ltr'>a</span> <span class='ocrx_word' id='word_1_293' title='bbox 1000 4598 1061 4669; x_wconf 57' lang='grc' dir='ltr'>ιι,</span> <span class='ocrx_word' id='word_1_294' title='bbox 1080 4611 1110 4659; x_wconf 75' lang='lat' dir='ltr'>a</span> <span class='ocrx_word' id='word_1_295' title='bbox 1127 4599 1174 4660; x_wconf 85' lang='lat' dir='ltr'>u.</span> <span class='ocrx_word' id='word_1_296' title='bbox 1191 4597 1241 4683; x_wconf 72' lang='lat' dir='ltr'>ug.</span> <span class='ocrx_word' id='word_1_297' title='bbox 1267 4623 1295 4664; x_wconf 79' lang='grc' dir='ltr'>ι.</span> <span class='ocrx_word' id='word_1_298' title='bbox 1366 4575 1370 4584; x_wconf 83' lang='grc'><strong>’</strong></span> 
     </span>
     <span class='ocr_line' id='line_1_32' title="bbox 330 4694 1184 4789; baseline 0.014 -33"><span class='ocrx_word' id='word_1_299' title='bbox 330 4695 375 4776; x_wconf 71' lang='grc' dir='ltr'>(ι)</span> <span class='ocrx_word' id='word_1_300' title='bbox 396 4695 442 4756; x_wconf 89' lang='lat' dir='ltr'>Cl.</span> <span class='ocrx_word' id='word_1_301' title='bbox 464 4694 544 4762; x_wconf 80' lang='lat' dir='ltr'>Tab.</span> <span class='ocrx_word' id='word_1_302' title='bbox 561 4698 622 4772; x_wconf 83' lang='lat'>111,</span> <span class='ocrx_word' id='word_1_303' title='bbox 641 4701 681 4760; x_wconf 89' lang='lat' dir='ltr'>H.</span> <span class='ocrx_word' id='word_1_304' title='bbox 701 4699 751 4778; x_wconf 80' lang='lat' dir='ltr'>sig.</span> <span class='ocrx_word' id='word_1_305' title='bbox 773 4722 808 4775; x_wconf 89' lang='lat'>1,</span> <span class='ocrx_word' id='word_1_306' title='bbox 828 4705 848 4764; x_wconf 89' lang='grc'><strong>6</strong></span> <span class='ocrx_word' id='word_1_307' title='bbox 868 4715 897 4762; x_wconf 87' lang='lat' dir='ltr'>et</span> <span class='ocrx_word' id='word_1_308' title='bbox 912 4705 952 4776; x_wconf 75' lang='lat'>65</span> <span class='ocrx_word' id='word_1_309' title='bbox 971 4715 1000 4764; x_wconf 85' lang='lat' dir='ltr'>rt</span> <span class='ocrx_word' id='word_1_310' title='bbox 1018 4706 1053 4783; x_wconf 93' lang='lat' dir='ltr'>l,</span> <span class='ocrx_word' id='word_1_311' title='bbox 1071 4703 1124 4789; x_wconf 73' lang='lat' dir='ltr'>bg.</span> <span class='ocrx_word' id='word_1_312' title='bbox 1147 4729 1184 4783; x_wconf 75' lang='grc' dir='ltr'>ι.,</span> 
     </span>
    </p>

    <p class='ocr_par' dir='ltr' id='par_1_11' title="bbox 332 4802 902 4889">
     <span class='ocr_line' id='line_1_33' title="bbox 332 4802 902 4889; baseline 0.016 -26"><span class='ocrx_word' id='word_1_313' title='bbox 332 4803 381 4880; x_wconf 76' lang='grc'>(3)</span> <span class='ocrx_word' id='word_1_314' title='bbox 400 4802 448 4864; x_wconf 78' lang='lat' dir='ltr'>Cf.</span> <span class='ocrx_word' id='word_1_315' title='bbox 467 4802 547 4864; x_wconf 69' lang='lat' dir='ltr'>Tib.</span> <span class='ocrx_word' id='word_1_316' title='bbox 569 4805 622 4878; x_wconf 89' lang='lat' dir='ltr'>lV,</span> <span class='ocrx_word' id='word_1_317' title='bbox 645 4807 682 4868; x_wconf 84' lang='lat' dir='ltr'>lt.</span> <span class='ocrx_word' id='word_1_318' title='bbox 699 4806 749 4889; x_wconf 86' lang='lat' dir='ltr'>lig.</span> <span class='ocrx_word' id='word_1_319' title='bbox 767 4811 785 4872; x_wconf 77' lang='lat'>5</span> <span class='ocrx_word' id='word_1_320' title='bbox 805 4822 834 4870; x_wconf 84' lang='lat' dir='ltr'>et</span> <span class='ocrx_word' id='word_1_321' title='bbox 856 4832 902 4872; x_wconf 83' lang='lat' dir='ltr'>rr.</span> 
     </span>
    </p>

    <p class='ocr_par' dir='ltr' id='par_1_12' title="bbox 334 4909 834 5001">
     <span class='ocr_line' id='line_1_34' title="bbox 334 4909 834 5001; baseline 0.014 -30"><span class='ocrx_word' id='word_1_322' title='bbox 334 4910 382 4988; x_wconf 75' lang='grc'>(4)</span> <span class='ocrx_word' id='word_1_323' title='bbox 401 4909 447 4972; x_wconf 82' lang='lat' dir='ltr'>Cl.</span> <span class='ocrx_word' id='word_1_324' title='bbox 465 4911 544 4973; x_wconf 85' lang='lat' dir='ltr'>Trb.</span> <span class='ocrx_word' id='word_1_325' title='bbox 572 4913 634 4992; x_wconf 85' lang='lat' dir='ltr'>Vl,</span> <span class='ocrx_word' id='word_1_326' title='bbox 651 4914 701 4998; x_wconf 80' lang='lat' dir='ltr'>lig.</span> <span class='ocrx_word' id='word_1_327' title='bbox 722 4919 741 4980; x_wconf 89' lang='grc'><strong>6</strong></span> <span class='ocrx_word' id='word_1_328' title='bbox 760 4931 789 4978; x_wconf 84' lang='lat' dir='ltr'>et</span> <span class='ocrx_word' id='word_1_329' title='bbox 803 4939 834 5001; x_wconf 81' lang='lat'>7.</span> 
     </span>
    </p>
   </div>
   <div class='ocr_carea' id='block_1_7' title="bbox 0 0 2372 6068">
    <p class='ocr_par' dir='ltr' id='par_1_13' title="bbox 0 0 2372 6068">
     <span class='ocr_line' id='line_1_35' title="bbox 0 0 2372 6068; baseline 0 0"><span class='ocrx_word' id='word_1_330' title='bbox 0 0 2372 6068; x_wconf 95' lang='lat' dir='ltr'> </span> 
     </span>
    </p>
   </div>
  </div>
 </body>
</html>
