4722 6076
1208 587 1386 672 (ao)

964 866 1198 945 Patroclon
1215 871 1261 944 de
1271 869 1431 945 bolbr'llis
1447 871 1631 972 vr'riparr's.

585 1153 812 1256 Polygonum
832 1155 1034 1256 vr'vr'pnrum
1057 1158 1137 1233 loco
1155 1155 1305 1246 florum,
1325 1157 1516 1256 pracsertim
1538 1157 1743 1234 inferiorum
1759 1161 1888 1263 spicae,
1908 1185 2056 1264 corpas·

536 1279 613 1354 cula
631 1279 858 1381 pyrilormia,
884 1306 1055 1381 purpurea
1071 1286 1086 1376 (
1101 1279 1147 1356 cf.
1165 1280 1255 1355 Tab.
1273 1301 1312 1368 v,
1330 1281 1390 1382 fig.
1408 1287 1432 1360 6
1455 1302 1490 1356 et
1514 1290 1576 1382 7.)
1599 1282 1754 1384 profert,
1774 1312 1793 1360 e
1810 1287 1936 1387 quibus
1949 1287 2056 1361 serius

410 1395 414 1404 ’
533 1401 619 1480 folia
637 1425 828 1506 exsurgunt
852 1405 997 1506 exigua,
1021 1405 1149 1506 pallide
1175 1405 1327 1498 viridia,
1354 1405 1545 1507 petiolata,
1566 1407 1729 1500 cordata,
1749 1429 1806 1483 aut
1824 1411 1975 1487 solitaria
1999 1429 2056 1486 aut

535 1529 636 1628 plura
660 1529 875 1606 alternantia.
895 1529 968 1625 (cf.
987 1531 1077 1605 Tab.
1093 1551 1128 1621 r,
1147 1533 1204 1632 ag.
1223 1559 1257 1623 2,
1268 1533 1303 1622 3,
1313 1552 1350 1630 9,
1370 1561 1426 1624 ιο,
1449 1543 1522 1630 ιι.)
1540 1533 1623 1607 Hoc
1640 1561 1660 1611 a
1679 1534 1822 1609 remotis
1844 1536 2057 1637 temporibus

535 1653 711 1729 botanicis
728 1655 798 1752 jam
818 1655 971 1731 innotuit
990 1655 1063 1754 (ι).

588 1781 789 1855 Nascuntur
806 1779 925 1854 haecce
951 1779 1157 1882 corpuscula
1169 1780 1324 1881 viripam
1348 1779 1525 1875 (bulbt'llr'
1542 1781 1647 1860 Rich.
1660 1809 1766 1859 nour.
1783 1783 1885 1858 elem.
1899 1781 1956 1860 ed.
1973 1778 2058 1860 a&
2142 1823 2146 1840 ·

538 1929 575 2008 p.
594 1909 703 2004 109.)
725 1931 767 1998 er
786 1904 897 1980 axillis
920 1904 1125 1982 ochrearum
1147 1905 1319 1981 floraliom
1337 1907 1615 2004 (bractearum)
1630 1932 1767 2008 semper
1782 1906 1934 1984 solitaria
1950 1928 1986 1984 et
2002 1905 2060 1982 di-

536 2047 753 2130 gnoscuntur
770 2027 883 2105 forma
895 2055 1033 2130 semper
1043 2029 1179 2121 eadem,
1188 2027 1508 2132 ovato-pyriformi‚
1520 2030 1621 2130 apice
1629 2030 1827 2108 acuminato
1838 2031 2063 2108 acutiuscula.

526 2145 700 2229 'Involuta
727 2151 991 2255 quadammodo
1021 2153 1110 2227 mihi
1143 2155 1215 2231 risa
1248 2174 1330 2229 sunt
1358 2153 1578 2255 epidermide
1604 2155 1727 2245 tenui,
1745 2153 1896 2246 adnata,
1923 2175 1958 2230 et
1988 2155 2062 2231 basi

535 2275 634 2354 nuda
668 2303 865 2380 purpurea,
904 2277 1140 2353 minutissime
1175 2275 1379 2378 punctulata
1409 2277 1602 2380 medioque
1625 2279 1859 2354 scrobiculum
1876 2279 2064 2356 exhibente

540 2400 616 2498 (cl.
635 2403 725 2478 Tnb.
753 2423 792 2494 v,
816 2405 875 2504 fig.
904 2407 975 2501 7),
1002 2401 1097 2476 nullo
1131 2400 1306 2502 pedicello
1336 2399 1604 2477 intercendente
1638 2401 1676 2476 in
1704 2403 1807 2480 arilia
1831 2424 1916 2479 sunt
1954 2403 2063 2480 affixa.

536 2527 749 2630 Plerumque
769 2552 835 2602 nec
854 2527 889 2602 in
907 2525 1061 2602 balbillis
1085 2523 1171 2626 ipsis
1197 2551 1263 2601 nec
1282 2524 1374 2601 circa
1391 2549 1453 2599 eos
1475 2523 1585 2599 ullum
1601 2525 1697 2600 floris
1722 2527 1910 2630 vestigium
1931 2545 2065 2618 erstats

507 2657 510 2664 '
538 2651 661 2729 inveni
692 2671 808 2729 tamen
829 2645 1039 2739 balbillum,
1068 2676 1088 2726 e
1120 2649 1219 2749 cujus
1248 2647 1349 2749 apice
1372 2649 1505 2749 prodiit
1533 2648 1752 2750 pedunculus
1780 2651 1922 2747 brevis,
1941 2653 2065 2728 florem

540 2802 667 2880 gerens
683 2777 750 2852 rite
776 2775 968 2853 formatum
981 2777 997 2872 (
1010 2774 1059 2850 cl.
1084 2775 1177 2850 Tab.
1197 2792 1234 2864 V,
1258 2775 1316 2874 fig.
1344 2774 1397 2868 8.)
1424 2771 1595 2848 Bulbillns
1626 2773 1719 2850 hice
1740 2775 1857 2850 minor
1886 2796 1922 2853 et
1951 2775 2066 2854 minus

540 2901 745 3002 regulariter
771 2899 972 2977 efformatus
989 2917 1065 2975 erat
1086 2918 1123 2975 et
1138 2898 1316 2976 bracteam
1334 2896 1379 2975 ad
1396 2897 1528 2974 collum
1543 2921 1653 2998 nsque
1679 2895 1897 3000 (peduncnli
1921 2901 2066 3002 ortum)

540 3025 611 3103 sibi
628 3026 793 3105 adnatam
810 3023 904 3102 tulit.
920 3021 1093 3099 Bulbittos
1122 3049 1207 3124 ergo
1231 3021 1315 3115 hos,
1345 3048 1418 3098 non
1437 3021 1606 3124 exipsius
1627 3020 1724 3097 floris
1746 3023 1802 3100 rel
1822 3025 1932 3102 orarii
1947 3046 2066 3104 meta·

541 3149 725 3252 morphosi
748 3151 804 3228 vel
823 3149 1024 3227 evolutione
1047 3147 1220 3252 impedita
1243 3167 1278 3224 et
1304 3167 1463 3238 mutata,
1489 3145 1553 3221 sed
1575 3171 1595 3220 e
1614 3145 1816 3246 pedancnlo
1833 3149 2070 3250 (pedicello)

480 3321 482 3329 ·
544 3295 657 3366 ortos,
671 3295 768 3352 extra
786 3274 932 3350 dubium
951 3274 1104 3378 positum
1124 3273 1242 3350 credo.
1256 3273 1426 3350 Balbillos
1440 3267 1627 3374 gemmulis
1638 3297 1891 3374 compararem,
1906 3299 1927 3350 e
1942 3275 2070 3380 quibat
2091 3260 2095 3267 ⁵

544 3400 633 3479 rami
647 3403 663 3498 (
678 3426 759 3478 ares
772 3400 929 3478 laterales
943 3402 965 3474 Ι.
981 3398 1195 3496 secundarii)
1218 3398 1408 3500 prodeant.

511 3581 518 3588 -
596 3523 775 3619 Quamdiu
798 3525 936 3600 balbilli
961 3525 1068 3628 spicae
1094 3523 1303 3618 adhaerent,
1327 3520 1413 3601 lolia
1434 3523 1578 3637 quidem
1603 3523 1702 3629 plura
1728 3525 1925 3625 (nunquam
1950 3544 2069 3600 tamen

543 3648 707 3754 longiora
731 3677 835 3752 quarn
854 3650 1140 3751 semipallicaria)
1158 3647 1223 3725 sed
1239 3674 1419 3750 nunquam
1437 3651 1572 3726 caulem
1590 3647 1746 3751 prolerre
1768 3647 1858 3723 milti
1887 3648 1951 3723 risi
1982 3669 2073 3726 sunt.

548 3779 673 3871 Quum
694 3775 803 3853 larius
836 3794 970 3852 tantum
994 3799 1077 3848 cum
1100 3774 1223 3850 axibus
1254 3773 1427 3876 primariis
1451 3773 1717 3876 (pedunculis)
1736 3773 1917 3874 conjuncti
1935 3775 2004 3862 sint
2038 3795 2077 3857 et

548 3899 717 3980 facillime
752 3898 940 3990 decidant,
968 3896 1217 4001 inquirendum
1246 3923 1322 3974 esse
1356 3898 1477 4000 argui,
1514 3925 1598 3973 num
1631 3896 1770 3974 balbilli
1801 3918 1901 3975 terrae
1937 3898 2074 3976 conditi

550 4025 709 4129 plantam
725 4023 918 4126 perlectam
931 4023 1079 4124 gignant
1097 4041 1132 4098 et
1148 4020 1197 4099 ita
1224 4023 1398 4099 seminum
1421 4025 1501 4098 loco
1532 4022 1777 4124 propagationi
1804 4023 1970 4100 inservire
1989 4050 2076 4125 pos-

552 4152 636 4228 sint.
656 4147 732 4227 Sed
761 4148 1003 4250 experimenta
1022 4171 1102 4224 mea
1128 4146 1255 4251 saepius
1285 4147 1460 4251 repetita,
1485 4173 1586 4250 reque
1613 4173 1653 4223 ac
1683 4147 1873 4225 tentamina
1902 4149 2075 4244 aliorum,

554 4445 724 4514 definiendo
751 4447 987 4512 Aricalariarurn
1014 4446 1262 4512 infloraraentiara
1278 4444 1357 4510 hand
1375 4446 1486 4533 spicam
1512 4445 1701 4530 nuncupari,
1724 4445 1797 4518 sed,
1815 4443 1909 4508 donec
1927 4464 1996 4510 rara
2015 4444 2077 4526 sius

553 4573 659 4622 natura
677 4555 767 4620 ratius
783 4556 959 4635 innotumit,
982 4557 1176 4640 atqaominus
1189 4577 1255 4620 cunr
1269 4555 1360 4642 spicis
1375 4557 1453 4623 reris
1470 4555 1697 4620 Perricrriarunr
1713 4552 1923 4632 conlaudatur,
1944 4551 2077 4634 aquibus

556 4668 659 4732 habitu
691 4667 858 4752 discrepat,
889 4681 1038 4730 auctarum
1065 4666 1229 4753 exemplum
1259 4664 1354 4730 adhuc
1384 4666 1467 4748 sequi
1494 4665 1604 4742 malui,
1638 4665 1688 4748 qui
1714 4663 1798 4744 hujus
1825 4662 1963 4728 rectionis
1991 4661 2077 4725 darer

561 4778 711 4838 antron
728 4775 888 4862 appellant.

600 4888 652 4967 (ι)
670 4885 815 4950 roure.
831 4888 906 4952 lut.
921 4885 954 4964 l,
973 4907 1004 4970 p.
1018 4885 1093 4964 dra,
1120 4901 1144 4950 t.
1163 4907 1236 4973 apr».
1252 4883 1352 4954 6111.
1368 4878 1436 4948 sib.
1450 4883 1516 4962 tlt,
1540 4896 1565 4948 t.
1582 4903 1613 4969 p,
1629 4881 1651 4946 l.
1672 4903 1701 4948 n.
1727 4879 1805 4945 Oed·
1825 4879 1858 4944 d.
1880 4879 1964 4946 Dan·
1984 4891 2007 4942 t.
2028 4881 2078 4943 ιδ.
