4722 6076
1031 637 1213 733 (ιιι
1514 757 1517 764 ⁴
1704 735 1717 766 „

370 791 457 868 dum
495 788 622 864 eodem
645 787 754 862 morlo
793 785 917 862 iterum
952 787 1049 862 fissos
1080 801 1298 864 monstraret.
1332 780 1480 881 Reliqua
1513 803 1585 853 non
1624 773 1879 856 differebaots

367 916 476 990 modo
492 913 618 989 relatis.
1853 895 1857 906 '

417 1038 621 1137 Priusquam
645 1034 726 1108 huic
748 1033 951 1112 ochrearum
973 1032 1187 1134 expositioni
1215 1033 1320 1105 finem
1345 1026 1576 1129 imponamus,
1594 1029 1764 1103 monendi
1781 1029 1879 1103 locus

369 1161 446 1250 erit,
463 1159 648 1233 maximam
659 1158 701 1232 iis
718 1182 792 1231 esse
805 1159 998 1258 analogiam
1010 1184 1090 1232 cum
1104 1157 1237 1258 vaginis
1248 1153 1472 1256 petiolaribus
1482 1153 1655 1226 Heraclei
1668 1154 1879 1253 aliarumque

369 1282 696 1375 Umbelliierarum,
712 1309 778 1358 nec
792 1307 865 1356 uon
882 1281 1143 1383 quodammodo
1160 1279 1347 1355 Melianthi
1363 1279 1515 1375 majoris.

1061 1508 1178 1582 Folia.

415 1705 517 1784 Folia
534 1706 815 1808 Polygouearum
833 1707 991 1783 omnium
1009 1729 1089 1784 sunt
1111 1708 1242 1785 alterna
1258 1725 1293 1781 et
1310 1704 1453 1807 quidem
1471 1700 1639 1781 talimodo
1657 1703 1879 1803 plerumque,

364 1846 404 1903 ut
420 1848 555 1904 sextum
577 1831 615 1904 in
631 1831 755 1907 eadem
771 1833 862 1909 linea
879 1833 1035 1910 verticuli
1052 1832 1098 1906 sit
1115 1832 1268 1933 positum
1284 1856 1325 1904 ac
1346 1830 1510 1930 primum.
1536 1829 1576 1901 Si
1601 1827 1695 1902 enim
1722 1853 1764 1899 er
1790 1851 1882 1926 quo-

367 1976 503 2051 cunque
525 1973 676 2054 puncto,
718 1955 774 2029 cui
798 1955 924 2030 lolium
943 1977 995 2032 est
1013 1957 1172 2046 affixum,
1196 1956 1324 2028 lineum
1350 1953 1549 2028 r'erticalem
1567 1952 1704 2050 (caulis
1722 1951 1881 2048 longitu-

366 2072 485 2148 dinem
503 2081 792 2175 percurrentem)
812 2080 1062 2178 supponimus,
1081 2097 1161 2166 aut,
1184 2076 1279 2176 quod
1298 2075 1392 2149 idem
1412 2094 1483 2168 est,
1510 2075 1540 2149 si
1567 2075 1701 2148 caulem
1728 2073 1880 2150 sistimus

363 2218 622 2297 pentagonum,
638 2200 723 2276 solia
740 2200 777 2273 in
795 2202 878 2300 ipsis
906 2202 1039 2301 angulis
1068 2201 1169 2301 spirae
1196 2199 1239 2274 ad
1266 2201 1373 2272 instar
1391 2198 1560 2298 disposita
1578 2217 1777 2299 gerentem,
1799 2217 1833 2270 et
1851 2197 1881 2270 si

365 2319 508 2394 tandem
538 2321 621 2400 solia
644 2341 679 2398 et
705 2325 848 2423 angulo‘s
876 2323 1028 2397 numeris
1056 2323 1297 2422 designamus,
1325 2342 1397 2395 tum
1426 2323 1567 2410 evenit,
1588 2342 1625 2395 ut
1650 2321 1777 2394 solium
1808 2321 1881 2420 pri-

365 2468 463 2516 mum
480 2445 518 2518 iu
535 2447 662 2545 angulo
677 2447 804 2547 primo,
822 2447 1015 2521 secuudum
1029 2445 1232 2520 insecundo
1249 2446 1402 2544 positum
1420 2444 1637 2520 inveniamus
1656 2464 1690 2519 et
1707 2446 1758 2518 sic
1775 2470 1881 2544 porro

365 2589 475 2666 usque
497 2567 542 2642 ad
565 2581 722 2654 sextum,
752 2570 846 2670 quod
871 2571 908 2644 in
936 2569 1062 2668 angulo
1087 2570 1202 2669 primo
1220 2568 1307 2642 lolio
1324 2568 1464 2670 primo,
1483 2569 1694 2668 septimum,
1715 2568 1811 2668 quod
1829 2595 1880 2645 se·

367 2690 505 2783 cundo,
530 2711 704 2783 octavum,
720 2694 815 2793 quod
835 2694 936 2767 tertio
950 2695 1217 2793 superpositum.
1230 2692 1460 2793 sequentium
1479 2692 1606 2769 eodem
1624 2691 1749 2766 ordine
1767 2692 1880 2794 quod·

365 2812 452 2887 libet
480 2814 645 2916 angulum
662 2841 762 2891 suum
781 2835 912 2892 taneta
934 2815 1041 2910 lolio,
1067 2815 1421 2918 cuisuperpositum,
1444 2816 1535 2917 spira
1553 2816 1717 2892 loliorum
1733 2836 1881 2918 quatuor

365 2959 574 3038 separatum.
1121 2933 1126 2944 ’
1705 3025 1708 3032 ,

413 3061 593 3138 Foliorum
601 3061 733 3159 sturmo
757 3063 850 3141 varia
879 3084 953 3154 est;
980 3066 1130 3141 maxima
1159 3085 1275 3141 tamen
1305 3063 1500 3165 specierum
1523 3089 1600 3163 pars
1632 3063 1725 3140 soliis
1753 3063 1884 3165 gaudet

360 3185 590 3271 lanceolatis;
616 3188 700 3262 folia
725 3187 888 3277 linearia,
911 3188 1064 3289 elliptica
1089 3191 1146 3265 vel
1172 3190 1485 3266 orato-lanceolata
1504 3208 1584 3288 post
1608 3188 1682 3264 haec
1715 3186 1881 3289 frequen-

363 3309 521 3401 tissima,
539 3311 654 3412 minor
679 3337 755 3410 pars
780 3312 974 3411 specierum
1002 3311 1095 3386 foliis
1112 3315 1310 3414 sperulatis,
1337 3313 1472 3404 oratis,
1497 3310 1674 3398 cordatis,
1703 3311 1882 3388 cordato-

364 3433 560 3531 sagittatis‚
585 3435 726 3510 hastatis
744 3435 870 3535 gaudet
899 3455 1001 3536 atque
1018 3437 1119 3512 unicn
1136 3456 1268 3511 tantum
1286 3436 1420 3537 species
1446 3435 1531 3508 folia
1554 3435 1655 3508 nobis
1673 3435 1776 3508 oilert
1797 3460 1878 3508 run·

367 3555 492 3631 einata.
513 3559 587 3630 Αιιι
605 3559 769 3657 petiolata
787 3579 888 3651 sunt,
905 3579 962 3634 aut
977 3562 993 3656 (
1009 3560 1104 3662 quod
1116 3561 1329 3660 frequentius
1350 3559 1529 3652 occurrit)
1555 3557 1794 3631 subsessiliaet
1811 3582 1881 3632 ses·

366 3677 464 3767 silla,
481 3703 572 3780 saepe
590 3680 627 3754 in
651 3682 819 3780 petiolum
837 3683 1056 3760 decurrentia
1073 3704 1108 3760 et
1125 3685 1251 3783 saepius
1264 3685 1281 3782 (
1293 3711 1324 3758 r.
1345 3707 1380 3783 g.
1401 3681 1438 3754 in
1455 3684 1496 3755 P.
1516 3681 1688 3770 Bistorta,
1703 3683 1744 3754 P.
1761 3683 1878 3782 Nepa-

365 3799 470 3895 lensi)
486 3802 582 3875 limbi
600 3824 733 3904 partem
747 3806 794 3881 ita
813 3807 847 3879 in
863 3808 1033 3905 petiolum
1047 3827 1256 3907 protractam
1271 3805 1449 3897 exhibent,
1468 3825 1504 3880 ut
1523 3806 1629 3882 alatus
1644 3805 1719 3904 ipse
1741 3804 1877 3882 eradat.

365 3924 427 3998 nd
443 3926 676 4002 summitatem
693 3929 821 4027 plantae
839 3931 1067 4032 plerumque,
1093 3951 1127 4006 et
1146 3951 1229 4006 tnnc
1252 3932 1404 4020 sessilia,
1431 3930 1648 4028 reperiuntur
1671 3928 1776 4020 solia,
1797 3955 1878 4003 cum

367 4048 410 4125 ad
430 4049 587 4148 ejusdem
604 4051 700 4126 basin
720 4053 884 4151 petiolata
902 4076 991 4130 sunt.
1014 4054 1140 4145 Quoad
1162 4054 1388 4130 insertionem
1408 4061 1466 4150 (r)
1492 4079 1592 4152 supra
1611 4054 1680 4151 jam
1700 4053 1879 4128 adnotavi·

366 4199 469 4262 mus,
492 4173 596 4262 solia,
624 4201 762 4274 semper
779 4176 914 4249 ochreis
945 4202 1018 4250 esse
1046 4179 1142 4253 affixa
1168 4179 1223 4255 vel
1246 4204 1265 4250 e
1292 4179 1376 4250 tubo
1407 4176 1544 4250 ochreae
1571 4176 1738 4275 prodire,
1764 4203 1878 4278 neque

365 4320 520 4396 unquam
539 4297 628 4372 cauli
645 4299 711 4398 ipsi
731 4299 963 4374 immediatim
978 4301 1153 4392 insidere3
1172 4302 1327 4377 detracto
1344 4301 1439 4375 enim
1453 4327 1520 4376 una
1535 4326 1613 4374 cum
1627 4299 1754 4378 ochrea
1776 4301 1878 4392 folio,

411 4594 460 4670 (t)
477 4593 602 4654 Hieron
616 4593 652 4654 de
671 4613 740 4654 reru
752 4595 913 4656 insertione
925 4593 1044 4674 loquor,
1064 4617 1125 4674 qua
1135 4599 1165 4657 in
1182 4597 1316 4658 omnibus
1331 4598 1437 4680 plantis
1452 4594 1569 4670 eadem,
1585 4593 1638 4654 sed
1654 4593 1689 4652 de
1702 4603 1876 4674 apparente,

366 4721 427 4779 qua
438 4699 668 4762 modificationes
686 4703 840 4762 nonnullas
860 4699 976 4763 exbibet
996 4703 1026 4762 in
1042 4703 1236 4787 descriptione
1254 4721 1282 4766 et
1296 4700 1498 4767 distributione
1516 4701 1695 4784 systematica
1713 4701 1876 4780 plantarum

367 4807 444 4868 haud
462 4807 651 4891 spernendus.
674 4811 766 4872 Verus
783 4812 954 4870 insertionis
972 4811 1021 4874 vel
1039 4811 1137 4895 potius
1154 4816 1330 4874 assertionis
1345 4813 1410 4892 (uti
1425 4813 1573 4896 proposuit
1584 4808 1628 4870 ill.
1645 4811 1692 4868 De
1708 4807 1875 4887 Candolls)

324 4913 328 4918 “
366 4913 446 4978 locus
466 4937 577 5002 semper
592 4919 624 4980 iu
642 4917 726 4982 nodis
745 4918 817 5001 ipsis
834 4918 1012 4998 quarendus.
